2512 4424
144 206 201 276 ‘eea
444 220 651 274 nrrsromu
671 219 720 270 in
736 213 920 270 erinnis

108 352 109 356 ,
179 313 250 376 Quod
265 317 287 365 si
302 327 347 364 vos
360 312 453 364 Galata
468 313 591 376 gentiles,
608 311 745 362 circumci-
771 309 904 376 quoniam
922 305 946 359 si
963 295 1208 362 circumcidamini,

148 384 245 432 sionem
256 381 490 443 recipiatis,christi
500 380 681 429 beneficiorum
693 390 745 428 non
770 389 895 442 Christus
906 385 975 439 nihil
986 383 1065 437 vobis
1076 376 1209 448 proderit.

148 453 219 500 critis
228 453 362 513 participes
369 471 376 510 ;
384 453 471 510 sicque
481 449 546 499 nihil
557 449 628 498 robis
636 448 747 511 proderit

148 517 279 578 Christus,
290 530 337 567 nec
350 517 562 566 christianismus.
583 544 586 549 »

179 586 284 649 iusuper
304 590 329 634 et
351 585 474 634 denuntio
493 586 563 634 omni
583 582 682 633 homini
704 585 747 644 qui
806 587 832 636 5.
849 582 992 636 Testificor
1011 588 1106 634 autem
1116 591 1213 632 rursus

149 668 195 716 per
207 658 427 706 circumcisionem
442 655 550 705 adscribi
571 666 599 703 se
619 658 692 703 curat
703 659 746 712 tu·
770 644 1215 713 omnihomnicircumcidentise

150 723 227 773 ‘1³1⁰ae
245 722 473 803 Sissflssffloesuiiuffl
492 722 590 771 d0b¹t⁰f
608 725 647 770 0⁵²
664 724 748 771 ⁰¹11¹¹¹⁸
771 733 1215 805 quoniamdebitorestuniversm

149 791 263 842 Hostile&
280 791 341 853 ledii
359 789 534 853 adimplenda.
771 816 840 882 legis
851 814 996 867 faciendae.

150 1017 345 1076 circumcidere,
357 1028 420 1077 quas
432 1014 490 1065 ride
504 1017 532 1064 in
541 1014 592 1065 dne
600 1017 690 1078 capitis
698 1014 802 1064 secundi
812 1017 942 1076 ,synopsis
952 1013 1169 1076 disputationum,
1179 1015 1214 1063 sie

150 1090 177 1136 et
188 1085 281 1136 Paulus
293 1088 345 1149 ipse
358 1085 534 1144 Timotheum,
548 1098 579 1133 ex
590 1088 671 1134 matre
685 1084 812 1144 judeum,
823 1083 990 1133 circumcidit.

181 1155 214 1204 lt
226 1153 342 1204 fidelibus
353 1153 493 1203 Gentilibus
503 1156 557 1202 erat
569 1152 698 1202 morutara
712 1153 887 1210 circumcisio;
898 1152 957 1212 quia
971 1153 1039 1213 ipsos
1053 1153 1112 1212 post
1120 1149 1214 1213 Baptis-

151 1236 224 1274 mum
235 1224 401 1282 circumcidi,
417 1226 472 1271 erat
488 1224 615 1283 justitiam
632 1235 663 1271 ex
680 1221 873 1271 circumcisione
887 1232 999 1280 quarere
1017 1222 1044 1268 et
1053 1219 1140 1282 pdlm
1156 1232 1213 1283 pro-

151 1296 236 1344 testari
248 1294 316 1356 quod
330 1293 363 1343 ad
378 1294 504 1354 iustitiam
521 1291 703 1351 amequendam
718 1301 772 1340 non
788 1289 913 1339 sudiceret
931 1289 1025 1340 Christi
1039 1291 1121 1352 gratia
1132 1308 1139 1338 =
1149 1288 1214 1352 quod

152 1364 213 1415 sane
223 1363 323 1413 Christo
334 1366 389 1413 erat
398 1361 509 1411 maxime
519 1363 679 1421 injuriosum.

182 1433 248 1482 llius
259 1431 353 1482 Galatis
363 1430 512 1493 gentilibus,
520 1433 605 1479 ctnon
613 1428 832 1491 incandescens
843 1429 988 1491 Apostolus,
997 1442 1058 1479 cum
1067 1431 1214 1480 auctoritate

152 1503 317 1564 pronuntiat:
328 1500 352 1548 ei
363 1497 595 1556 circumcidemini,
608 1497 723 1548 Christus
737 1500 809 1548 robis
824 1498 889 1547 nihil
902 1498 1026 1560 proderit;
1038 1501 1092 1549 vita
1102 1536 1109 1559 ,
1120 1501 1215 1562 passio,

153 1582 223 1619 mors
232 1605 240 1629 ,
250 1581 326 1618 omne
336 1570 458 1625 meritum
472 1567 581 1626 Christi,
592 1566 657 1617 nihil
672 1568 743 1617 robis
757 1567 881 1630 proderit,
893 1569 952 1627 cui,
963 1580 1036 1628 quasi
1047 1567 1215 1628 adjustitiam

154 1650 206 1688 non
221 1637 370 1697 sufficienti,
382 1637 548 1687 renuntiastis
560 1634 610 1686 hoe
622 1639 706 1685 restro
718 1635 752 1685 ad
762 1636 919 1697 judaismum
931 1648 1047 1686 recursu

184 1734 344 1784 Ousenrsrro
363 1730 599 1792 nonanis-Quod
614 1733 635 1780 si
657 1735 744 1781 autem
759 1733 787 1781 in
798 1733 993 1782 circumcisione
1010 1733 1097 1782 camis
1110 1733 1215 1784 salutem

154 1815 281 1865 quarere,
298 1802 428 1853 Christum
446 1814 492 1864 pro
512 1802 585 1851 nobis
600 1799 749 1850 crucifixum
769 1803 803 1850 sit
824 1800 946 1861 abiicere,
966 1801 1028 1862 quid
1047 1803 1096 1851 erit
1114 1816 1171 1866 ergo
1188 1804 1214 1852 in

153 1874 324 1935 voluptatibus
338 1874 423 1923 camis
433 1884 507 1921 suam
517 1870 661 1920 felicitatem
672 1873 806 1930 quarere?

185 1944 287 2005 Quodsi
299 1944 430 2006 partimin
441 1941 510 2004 legs,
521 1942 651 2004 partimin
662 1939 797 1989 ddesuam
809 1939 930 1990 dduciam
940 1952 1080 2004 reponere,
1092 1945 1125 1993 sit
1133 1943 1213 1993 Chris

154 2018 210 2063 tum
222 2025 274 2062 nou
284 2012 393 2072 habere,
405 2012 467 2074 quid
477 2013 526 2061 erit
537 2022 596 2072 ergo
607 2013 664 2072 post
680 2011 838 2073 baphsrnum
852 2015 933 2060 totam
946 2023 1020 2060 suam
1033 2025 1106 2074 spem
1116 2016 1142 2063 et
1154 2013 1213 2063 ddu-

156 2086 222 2134 ciam
234 2085 261 2132 in
276 2083 384 2132 terrenis
399 2085 424 2130 et
439 2080 625 2130 damnabilibus
639 2078 780 2129 collocare?
789 2084 870 2129 totam
883 2082 962 2128 vitam
974 2083 1001 2129 in
1015 2081 1092 2131 malis
1104 2083 1212 2145 operibm

155 2151 321 2214 impendere?
333 2150 398 2199 nihil
408 2153 457 2199 nisi
471 2149 539 2199 mala
551 2161 627 2212 opera
639 2149 720 2199 faeere
728 2152 742 2198 ,θ
751 2149 858 2200 affectus
869 2161 960 2211 praros
971 2153 1037 2200 circa
1048 2151 1116 2201 mala
1127 2156 1152 2202 et
1161 2164 1211 2214 pro

156 2219 239 2270 hibita
250 2221 384 2269 continuos
395 2218 487 2267 habere
498 2222 511 2266 ?

186 2288 207 2337 0
224 2288 290 2336 Deus
303 2289 460 2336 misericors!
474 2286 591 2336 illumina
611 2287 698 2337 oculos
713 2287 796 2336 cordis
809 2289 903 2346 nostri,
917 2291 947 2336 ut
962 2287 1131 2349 intelligentes
1142 2290 1209 2351 quim

157 2358 190 2406 sit
207 2355 279 2404 nohis
291 2355 460 2405 honorificum
477 2358 504 2405 in
516 2357 645 2418 baptismo
659 2356 789 2405 Christum
805 2355 917 2404 induisse
926 2393 937 2415 ,
948 2357 1067 2416 spiritum
1078 2359 1208 2421 adoptionis

157 2424 267 2473 liliorum
283 2425 310 2472 in
322 2424 438 2474 cordibus
454 2427 547 2474 nostris
564 2428 701 2487 recepisse,
715 2424 781 2473 lilios
795 2428 821 2473 et
839 2424 950 2474 haeredes
965 2425 1009 2474 bei
1026 2426 1107 2476 iactas
1124 2429 1206 2486 luisse;

157 2493 306 2543 horreamus
322 2505 367 2555 per
381 2498 512 2555 peecatum
532 2494 661 2544 Christum
677 2505 785 2554 exuere;
800 2493 925 2555 Spiritum
940 2493 1064 2544 Sanctum
1077 2496 1092 2544 d
1103 2497 1206 2546 cordibus

157 2564 250 2612 nostris
261 2574 305 2624 per
315 2561 421 2611 allectus
432 2562 512 2611 malos
523 2567 548 2611 et
559 2575 614 2612 reos
623 2562 745 2624 expellere
753 2582 761 2621 ;
770 2563 822 2612 vitel
830 2562 934 2624 protana
943 2599 951 2622 ,
959 2563 1056 2612 caruah
1066 2569 1092 2614 et
1104 2565 1205 2619 ammai,

156 2644 203 2682 nos
214 2631 365 2680 haereditatis
378 2636 477 2680 aeternae
488 2631 605 2693 indignos
615 2630 726 2691 efficere,
739 2635 765 2679 et
777 2630 995 2680 christianismum
1012 2633 1086 2683 nobis
1102 2633 1204 2684 inudleu

157 2701 268 2751 reddere.
1033 2717 1041 2731 s

186 2771 221 2820 lla
234 2773 353 2833 insuper,
365 2770 381 2820 b
393 2770 624 2820 misericordiarum
635 2771 721 2821 Pater!
732 2775 761 2820 ut
771 2771 838 2820 hanc
849 2771 865 2820 i
875 2771 975 2821 Christo
985 2775 1058 2832 quasi
1070 2777 1204 2836 apostasiam

157 2841 303 2899 horrentes,
314 2843 431 2890 sinamus
441 2840 516 2901 digne
526 2840 642 2899 Christo,
654 2840 717 2890 Filio
729 2847 788 2901 tuo,
799 2854 876 2902 quem
887 2840 1019 2890 induimus
1025 2862 1033 2903 ;
1042 2843 1117 2905 digne
1124 2844 1203 2908 spirito

159 2909 213 2960 Filii
234 2913 288 2970 tui,
306 2922 357 2971 quo
372 2909 459 2972 repleti
479 2923 582 2969 sumus;
600 2909 674 2971 digne
692 2910 838 2960 haereditate
859 2911 971 2972 aterna,
989 2911 1024 2960 ad
1042 2925 1119 2974 quarn
1134 2910 1200 2964 rotati

159 2990 259 3039 sumus,
271 2981 296 3028 et
309 2980 381 3039 euius
392 2980 483 3041 pignus
493 2978 615 3040 Spiritum
627 2979 749 3028 Sanctum
761 2980 915 3040 accepimus.

189 3078 213 3124 3.
232 3075 357 3137 testificor
372 3080 456 3124 autem
469 3076 539 3125 omne·
555 3074 680 3124 homini...
688 3072 889 3135 Pseudoapostoli
902 3073 984 3123 multa
995 3073 1059 3136 legis
1071 3087 1122 3125 uon
1131 3083 1199 3123 serra·

157 3143 236 3200 bant,
248 3147 274 3191 et
287 3142 381 3192 Galatis
397 3141 513 3192 dicebant
530 3155 557 3192 se
572 3143 618 3204 legi
631 3142 818 3202 satlslactmos,
829 3141 967 3192 dummodo
978 3143 1199 3193 circumciderentur

158 3214 182 3258 ct
195 3208 278 3269 aliqua
295 3210 355 3272 legis
372 3210 520 3260 notabiliora
531 3216 668 3260 serrarent.

190 3277 259 3327 Finis
269 3281 375 3330 istorum
385 3280 518 3330 doctorum
528 3280 731 3341 judaizantium,
742 3284 796 3329 erut
806 3292 852 3342 pro
864 3279 1053 3329 Judaeishaberl
1063 3318 1072 3341 ,
1082 3277 1198 3343 prasion

160 3346 173 3393 ri
187 3344 320 3407 Rorrranis,
337 3354 365 3398 ut
378 3348 449 3398 liberi
461 3348 551 3397 tierent
567 3350 599 3398 ab
612 3349 717 3407 edictis,
730 3359 787 3408 quae
800 3347 1014 3396 uoras·retabant
1028 3340 1197 3411 religiones3ad

161 3414 207 3463 hin
219 3415 348 3532 ridxebatur
357 3418 470 3467 sudicere
484 3421 642 3468 circumcisio
651 3455 661 3478 ,
670 3417 847 3476 sabbatorum,
858 3420 1051 3467 neomeniarum
1062 3423 1124 3480 ,etc
1135 3417 1197 3466 obstr·

161 3486 237 3532 ratio.
267 3484 314 3533 'ide
325 3498 348 3536 r.
366 3492 388 3546 t,
399 3501 426 3535 n.
444 3491 481 3537 to.

192 3552 323 3615 Apostolus
337 3554 351 3603 h
364 3563 450 3605 conisa
465 3576 472 3604 ε
488 3556 616 3619 retineor
634 3557 704 3604 om
725 3554 850 3604 mini...
868 3555 936 3616 quod
955 3568 983 3605 se
1001 3556 1136 3608 debitorem
1153 3550 1197 3602 luth

163 3622 284 3670 uniuersa*
296 3621 355 3682 legis
368 3622 479 3673 hinnisse
489 3622 665 3686 adimplenda.

192 3688 222 3739 Et
234 3691 297 3740 ratio
308 3696 360 3750 esi,
377 3695 436 3752 quia
447 3694 606 3743 circumcisio
620 3695 676 3740 erat
686 3689 788 3753 publica
801 3690 862 3752 legis
877 3691 986 3753 judaieae
1000 3693 1133 3756 professio,
1148 3684 1196 3740 sicut

162 3758 303 3821 uapttunus
318 3765 355 3809 ost
368 3760 468 3822 publica
481 3759 600 3823 parmis
612 3758 671 3808 ulei
681 3759 835 3808 christianae.

192 3826 243 3877 liue
255 3833 339 3877 autom
357 3829 418 3878 dicit
431 3827 563 3890 Apostolus
572 3863 581 3886 ,
589 3831 616 3875 ut
628 3828 802 3876 ueneratione
814 3827 915 3878 Galam
925 3829 1073 3881 deterrenti
1083 3823 1194 3879 circund-

163 3896 232 3947 ulouo
242 3932 251 3957 ,
261 3899 334 3957 errius
346 3895 443 3945 intinita
460 3901 532 3945 erant
542 3906 620 3945 onera
631 3914 638 3944 ε
651 3894 712 3944 cum
727 3901 792 3945 esset
804 3895 836 3945 ad
848 3901 927 3948 totam
940 3897 1021 3961 legem
1034 3897 1152 3960 abinalia.
