2512 4424
80 741 84 781 t

99 217 154 318 sao
395 260 867 322 nrrsronnsnesnaras

100 453 1156 518 mmmssssmmm

248 662 505 746 ANALYSIS
534 662 743 745 CAPITIS
771 659 1022 745 SECUNDI.

576 882 680 896 m

99 976 140 1079 In
152 1024 206 1078 boo
218 1021 322 1092 capite,
341 1029 374 1078 ut
392 1023 477 1077 alium
496 1023 596 1078 refutet
608 1023 907 1092 pseudoapostolorum
925 1019 1112 1083 calumniam,
1124 1017 1161 1073 di·

99 1109 222 1163 sentium
243 1107 320 1177 qudd
343 1108 445 1160 Paulus
467 1106 520 1161 alia
533 1108 633 1161 doceat
647 1106 731 1174 quam
750 1105 898 1174 Apostoli,
918 1105 1043 1158 ostendit
1064 1102 1160 1159 Paulus

99 1190 255 1246 doctrinam
267 1204 346 1244 snam
356 1190 553 1256 Apostolorum
564 1189 699 1245 dootriuae
713 1203 776 1243 esse
787 1188 979 1250 conformem,
992 1192 1023 1242 et
1039 1187 1077 1241 ab
1089 1189 1160 1254 lpo-

99 1274 177 1328 stolis
186 1274 376 1340 approbatam.

134 1360 194 1410 lloo
205 1361 384 1419 ostensurus,
398 1355 511 1422 exponit
522 1354 613 1421 primd
625 1355 780 1423 quomodo,
795 1360 824 1408 et
840 1368 891 1408 our
901 1355 1105 1423 lerosolymam
1117 1351 1161 1404 ite·

99 1453 163 1493 rum
176 1439 306 1502 redierit,
319 1438 452 1491 nimirum
460 1438 497 1491 de
510 1438 639 1505 legalium
655 1437 848 1490 observatione
862 1442 976 1491 aeturus
987 1436 1018 1490 in
1031 1435 1159 1502 coneilio,

100 1522 204 1588 dequo
222 1523 282 1574 Aet.
293 1523 338 1574 l5.

133 1605 252 1672 Exponit
263 1603 388 1658 seouudd
398 1604 542 1671 quomodo
553 1608 620 1657 tuno
631 1617 696 1656 oum
704 1603 960 1670 ierosolymitanis,
970 1608 999 1657 et
1010 1600 1160 1670 praeaertim

99 1702 165 1742 oum
176 1688 315 1756 primariis
332 1688 471 1754 llpostolis
490 1687 658 1751 contulerit,
672 1685 830 1755 horumque
847 1686 969 1740 examini
981 1700 1068 1740 suurn
1079 1689 1160 1740 Eran-

100 1773 202 1841 gelium
213 1770 383 1825 submiserit.
397 1770 502 1837 llisque
517 1771 634 1837 positis,

122 1855 292 1917 ,bootriuam
304 1867 384 1907 suam
395 1853 424 1906 in
436 1854 491 1907 hoo
503 1854 621 1907 coneilio
633 1851 815 1919 approbatam
825 1850 911 1906 luisse
924 1853 1039 1920 probat.
1052 1851 1157 1917 Prtmo,

99 1939 225 2005 exemplo
243 1936 296 1990 Titi
317 1937 383 2004 qui,
397 1937 462 1990 licet
480 1937 594 1991 (lentili‘s
613 1941 642 1990 et
659 1935 892 2002 incircumcisus,
912 1948 972 1999 non
998 1935 1053 1989 suit
1072 1926 1160 1991 nmen

99 2023 260 2089 oompulsus
282 2021 319 2074 ad
345 2020 587 2073 circumcisionem
608 2018 834 2085 suscipiendam
850 2020 979 2087 quamvis
997 2020 1081 2074 multi
1103 2016 1159 2072 taisi

98 2103 197 2158 fratres
209 2103 238 2155 id
253 2104 390 2155 instanter
408 2103 591 2169 postularent.

134 2187 236 2239 Probat
247 2186 384 2251 secundo,
398 2199 431 2239 ex
445 2199 478 2239 eo
492 2187 569 2253 quod
578 2187 702 2253 Apostoli
714 2200 765 2240 suo
774 2188 851 2240 Pauli
859 2187 1008 2254 Evangelio
1021 2185 1092 2242 nihil
1101 2200 1160 2241 oon·

100 2270 235 2335 tulerunt,
249 2269 467 2337 necquidquam
482 2270 662 2334 addiderunt,
677 2284 730 2323 neo
745 2271 919 2324 ademerunt.

133 2351 235 2405 Probat
246 2352 327 2405 tertii)
337 2391 345 2416 ,
357 2353 439 2418 quia,
452 2354 468 2405 ὸ
483 2358 598 2417 eontra,
611 2353 679 2405 illud
697 2367 747 2419 per
760 2352 854 2408 omnia
866 2352 906 2405 sio
918 2355 1120 2422 approbarunt,
1131 2357 1159 2407 ut

100 2434 210 2489 dextras
222 2436 248 2488 ei
265 2435 403 2488 societatis
415 2435 558 2500 dederint,
572 2451 622 2489 seu
633 2437 661 2488 in
673 2437 781 2489 socium
801 2438 967 2503 receperint.

134 2519 162 2586 ir.
172 2522 218 2570 lt.
227 2519 324 2571 Narrat
336 2518 405 2585 quid
418 2518 471 2570 sibi
483 2523 580 2585 postea
590 2519 744 2572 Antioohiae
752 2533 816 2571 oum
826 2522 908 2573 Petro
917 2521 1079 2588 contigerit,
1091 2532 1158 2588 quo·

96 2601 183 2658 modo
195 2603 277 2655 Petro
292 2602 402 2669 publice
416 2602 562 2667 restiterit3
576 2601 719 2669 quomodo
734 2605 833 2655 Petrus
844 2604 929 2657 Paulo
946 2602 1090 2657 resistenti
1101 2615 1158 2657 oes-

99 2685 177 2750 serit,
189 2685 254 2753 quia
271 2684 307 2737 de
324 2684 397 2738 iacto
409 2685 643 2751 reprehensibilis.

132 2771 247 2836 llooque
260 2768 333 2822 facto
354 2769 513 2833 confirmat,
528 2774 555 2822 et
573 2770 670 2836 legalia
688 2784 745 2823 non
766 2770 920 2835 servanda,
934 2775 963 2823 et
973 2783 1056 2823 suam
1074 2771 1110 2825 de
1123 2768 1158 2823 eis

98 2850 253 2904 doctrinam
268 2852 454 2917 evangelicam
466 2866 545 2917 esse,
565 2858 593 2906 et
607 2852 642 2905 ab
658 2853 791 2906 omnibus
810 2853 986 2907 servandam.

133 2935 198 2986 Post
211 2934 261 2986 bas
273 2934 308 2986 de
319 2933 391 2985 laeto
407 2935 586 2998 probationes
596 2975 603 2998 ,
615 2935 727 2987 tandem
735 2935 783 3002 jus
796 2937 903 3002 allegat,
916 2937 946 2988 in
961 2951 1020 3003 quo
1033 2938 1159 2992 fundatur

97 3011 224 3083 legalium
246 3016 550 3081 abrogatio,nimirum
567 3019 696 3086 legalium
714 3019 937 3071 insufficientiam
955 3021 992 3072 ad
1007 3023 1158 3075 animarum

94 3098 331 3166 justificationem.

134 3182 194 3248 li.
210 3182 304 3247 itaque
316 3184 351 3233 t5
372 3195 462 3248 usque
476 3183 512 3234 ad
525 3183 626 3248 finem,
647 3185 747 3251 probat
765 3185 863 3251 legalia
882 3186 919 3238 ob
937 3186 1157 3242 insufficientiam

97 3263 239 3331 abrogata.
559 3277 566 3294 ’

132 3347 220 3414 quue
234 3348 377 3400 confirmat
390 3347 499 3401 duobus
511 3349 640 3403 absurdis
655 3349 802 3402 horrendis
815 3365 878 3417 quae
892 3365 926 3405 ex
937 3354 1157 3421 pseudoaposto-

96 3429 188 3482 lorum
201 3445 294 3484 errore
308 3437 507 3496 sequerentur,
522 3434 635 3495 seilicet,
647 3437 674 3483 et
687 3433 763 3496 quod
780 3434 904 3488 Christus
916 3437 1027 3502 peccati
1038 3438 1156 3490 minister

98 3518 189 3578 esset,
204 3513 252 3580 qui
272 3518 363 3588 tamen
379 3526 430 3577 pro
445 3520 559 3578 peceato
573 3513 692 3567 delendo
706 3520 833 3568 mortuus
845 3524 904 3581 est;

132 3597 165 3647 ltt
180 3595 256 3662 quod
268 3594 371 3662 gratis,
384 3599 412 3645 et
426 3595 559 3649 inutiliter
570 3610 622 3663 pro
640 3597 762 3663 peccatis
774 3599 879 3653 uostris
888 3605 1020 3656 mortuus
1033 3607 1122 3669 esset,
1134 3600 1153 3654 si

96 3676 354 3746 legaliajustidoare
373 3677 537 3742 potuissent.
