2512 4424
98 243 152 296 956
390 242 594 295 EPlSTOLAE
614 245 663 294 Ab
681 239 861 296 ululans

100 335 202 400 (omnes
219 337 288 385 enlm
316 340 376 386 suut
392 339 472 386 nostri
495 335 634 398 proximil,
653 335 696 386 sed
719 328 1163 400 omnesmaximeautemaddo·

99 403 223 466 praeeipud
240 403 368 466 fidelibus,
385 407 429 466 qui
446 417 491 468 per
504 404 579 454 lldem
593 408 653 454 sunt
666 404 696 454 de
720 414 850 466 mesucos
863 410 939 463 fidei,

99 474 194 524 tamilla
209 474 312 525 Christi.

59 541 62 545 ’
130 543 216 592 Videte
237 547 337 605 quantis
355 548 379 594 et
394 545 470 605 quarn
490 544 592 607 prolixis
607 543 697 593 litteris
752 548 798 595 ll.
811 543 907 595 Videte
919 541 1049 608 qualibus
1062 537 1164 591 litteris

99 613 189 673 scripsi
199 612 283 672 nobis,
293 624 345 661 nou
355 612 459 661 alterius
468 625 547 661 manu
559 626 567 660 t
580 616 608 662 ut
619 612 695 672 soleo,
720 620 817 686 scripsi
829 619 907 671 vobis
918 617 982 670 meu
992 629 1090 668 manu,

99 680 143 729 sed
158 681 267 742 propria.

129 747 176 809 Qui
188 751 257 798 euim
266 751 293 798 ln
305 747 477 798 observatione
487 748 628 799 carnalium
636 747 697 810 legis
752 752 797 803 ti.
811 749 976 813 Quicunque
983 744 1058 798 enim
1068 744 1167 796 volunt

99 816 479 877 caeremoniarum,1udaeis,ln
495 818 603 878 speeiem
615 823 697 866 exter·
720 829 828 894 placere
851 827 879 878 in
903 838 1002 887 came,
1015 823 1046 874 hi
1067 822 1166 875 volunt

99 898 173 945 nam,
193 885 292 946 placere
306 884 409 946 volunt,
427 885 455 935 hl
476 889 568 946 cogunt
586 897 631 935 vos
648 887 698 935 cir·
720 918 769 957 νος
781 901 960 965 οἰκηωοῑᾱῑῖ

84 954 224 1014 ,ειιωυίᾱῑ,

128 1021 183 1070 Non
195 1022 255 1084 legis
265 1021 419 1085 eomplentlae
434 1022 517 1072 studio
528 1042 534 1081 ;
546 1021 589 1071 sed
605 1034 637 1071 ne
648 1023 697 1073 cli·-
720 1025 827 1080 tantum
838 1029 870 1077 ut
881 1023 973 1076 crucis
985 1020 1087 1075 Christi
1099 1035 1166 1087 pes.

99 1094 281 1141 cumcisloncm
292 1090 444 1140 destruendo
454 1093 485 1152 ,a
497 1091 591 1141 Judaels
604 1095 699 1141 contri·
721 1104 893 1158 secutionem
905 1113 963 1154 non
974 1102 1129 1168 patiantur,

98 1157 200 1208 bulibus
212 1163 264 1209 suis
276 1160 462 1222 persecutiones
475 1161 619 1223 patiantur,
636 1171 698 1219 quas

99 1227 130 1275 ab
138 1228 198 1290 ipsis
207 1230 260 1290 patl
272 1227 354 1278 solent
365 1230 448 1278 crucis
459 1229 551 1278 Christi
562 1239 697 1298 precones.

130 1401 238 1451 ilceimd
250 1409 335 1452 cuum
350 1404 384 1452 cd
398 1403 542 1453 domesticos
557 1403 625 1466 fidei.

129 1470 242 1520 Ecclesia
262 1476 300 1519 est
318 1469 408 1520 domus
428 1471 488 1531 liei,
501 1485 546 1534 per
563 1472 639 1521 iidem
658 1469 764 1530 quilibet
780 1468 939 1518 Christianus
954 1471 994 1517 est
1009 1467 1164 1517 domesticus

96 1543 143 1590 liei
153 1560 160 1598 ;
171 1541 231 1590 hinc
242 1540 337 1596 tidelis.
352 1545 438 1603 utpote
450 1542 603 1592 domesticus
618 1541 678 1601 lici,
690 1541 786 1589 caetcris
798 1538 970 1601 preferendus
980 1557 988 1598 ;
1000 1540 1069 1587 inter
1080 1537 1163 1588 lldeles

100 1613 202 1670 autem,
217 1609 326 1659 maxime
339 1612 383 1671 qui
396 1609 472 1658 fldem
486 1610 583 1659 docent.

133 1695 170 1741 ll.
194 1692 276 1742 Videte
296 1692 424 1754 qualibus.
444 1693 487 1742 Gr.
507 1692 625 1754 quantis,
642 1703 686 1741 seu
702 1689 779 1751 quim
792 1689 904 1752 prolixis.
920 1689 978 1752 Syr.
994 1689 1084 1739 Videte
1103 1701 1163 1751 quas

100 1762 237 1822 scripturas
250 1763 339 1823 scripsi
352 1762 422 1810 vobis
432 1797 438 1817 ,
450 1765 499 1811 etc.

129 1829 259 1880 Finiturus
278 1830 424 1892 epistolam,
441 1829 523 1892 primd
537 1829 645 1878 aldrmat
666 1826 736 1876 illam
756 1828 856 1890 proprii
876 1839 956 1876 manu
971 1829 1105 1889 scriptam.
1121 1827 1162 1876 Se-

100 1899 197 1958 cundd,
208 1900 257 1949 bae
272 1898 445 1961 singularitate
458 1898 611 1960 singularem
624 1909 700 1946 suum
714 1899 742 1945 in
753 1910 795 1946 eos
807 1896 926 1945 allectum
938 1895 1060 1946 declarat.
1072 1895 1161 1954 Tertii,

99 1972 205 2019 resumit
215 1972 303 2031 paucis
315 1968 454 2032 principale
463 1972 641 2029 argumentum
651 1965 682 2014 de
690 1966 744 2028 lege
752 1980 812 2016 erun
821 1965 956 2027 Evangelio
964 1978 1017 2015 noa
1026 1966 1160 2016 miscenda

133 2045 215 2094 Videte
224 2044 343 2106 qualibus
358 2044 474 2094 titterist..
487 2045 531 2095 Gr.
542 2045 640 2096 πελίκοις
648 2077 656 2104 ,
665 2047 767 2107 quantis
776 2081 783 2103 ,
792 2044 868 2105 quam
879 2043 977 2102 multis,
985 2046 1064 2104 quarn
1076 2044 1159 2106 longis,

99 2113 301 2174 magnitudinem
314 2115 383 2162 enim
399 2114 523 2176 signifieat
536 2115 619 2177 potids
632 2118 709 2178 quim
720 2114 867 2177 qualitatem
879 2115 931 2174 ‚ait
944 2114 1077 2175 Erasmus,
1086 2117 1128 2176 qui
1140 2121 1160 2162 et

99 2182 128 2230 li.
145 2182 328 2242 Hieronymum
342 2183 412 2229 citat.

130 2250 206 2299 Debet
221 2255 306 2298 autem
326 2250 431 2311 intelllgi
447 2251 536 2313 longa,
550 2265 602 2301 nou
617 2266 662 2314 per
676 2253 890 2314 comparationem
905 2251 937 2299 ad
950 2251 1014 2302 alias
1031 2253 1157 2316 epistolas,

100 2331 124 2364 v.
142 2310 175 2377 gss,
193 2318 224 2365 ad
238 2319 321 2375 liom„
339 2318 371 2366 ad
387 2319 454 2376 Cor.;
473 2321 516 2368 sed
535 2321 608 2381 longa
626 2334 670 2382 per
687 2322 902 2382 comparationem
919 2320 952 2368 ad
972 2335 1082 2372 manum
1096 2322 1157 2372 Pauli

100 2387 249 2445 scribentis,
262 2389 291 2434 ut
303 2386 417 2436 iudicant
430 2391 560 2450 sequentia
573 2391 657 2439 verba.

131 2462 184 2509 Med
197 2475 285 2509 mauu.

130 2529 267 2578 incaeteris
282 2530 393 2591 epistolis
410 2531 582 2581 subscribebat
598 2532 707 2592 Paulus,
719 2533 784 2582 alius
802 2532 935 2582 scribebat.
949 2534 997 2584 llic
1010 2536 1071 2585 verb
1087 2539 1156 2585 totam

99 2600 152 2658 ipse
164 2599 280 2658 scripsit:
294 2611 345 2646 non
354 2600 455 2647 tantum
468 2600 500 2648 ab
517 2601 555 2649 bis
567 2602 649 2650 verbis
661 2603 740 2650 videte
753 2602 902 2663 qualibus...
912 2605 941 2650 ut
954 2607 1028 2665 putat
1039 2604 1069 2652 Ι).
1082 2605 1156 2653 lliero

100 2680 206 2728 uymus,
218 2667 261 2716 sed
278 2671 357 2716 totam
370 2669 384 2716 d
399 2671 480 2730 capite
502 2681 580 2729 usque
596 2669 629 2716 ad
641 2669 753 2729 calcem,
767 2673 794 2717 ut
812 2670 909 2718 ludlcat
924 2676 1008 2720 textus
1022 2677 1047 2721 et
1058 2673 1156 2722 alllrmat

100 2737 127 2786 l).
142 2737 348 2799 chrysostomus,
360 2739 546 2797 Theodoretus,
558 2737 768 2800 Theophylactus.

133 2813 213 2861 Videte
225 2826 313 2873 erqo...
324 2813 434 2874 hincque
446 2812 553 2873 colligite
567 2825 654 2860 meum
668 2824 725 2874 erga
740 2825 784 2862 vos
798 2817 824 2862 et
835 2813 943 2867 salutem
955 2821 1067 2867 vestram
1078 2819 1155 2878 singu-

99 2881 178 2929 larem
191 2881 321 2929 all'cctum.
1197 2878 1201 2897 ¹

89 2959 92 2963 ·
130 2949 158 2997 b.
173 2949 365 3010 Cluysostomus
383 2953 469 2997 tamen
483 2949 563 3009 illud,
581 2949 702 3011 qualibus
716 2950 820 3009 litteris,
835 2951 912 3002 refert
932 2951 964 3000 ad
978 2952 1155 3018 deformitatem

99 3017 256 3077 litterarum;
268 3019 338 3078 quasi
351 3017 445 3066 diceret
457 3017 588 3079 Apostolus
603 3036 610 3065 ι
623 3019 674 3079 Ego
684 3018 750 3068 hauc
761 3020 892 3081 epistolam
902 3023 992 3082 scripsi
1004 3025 1062 3072 med
1073 3035 1154 3079 mauu,

99 3087 158 3134 licet
169 3098 221 3134 uon
238 3087 539 3148 pulchrcse1·ibaur,se11
558 3099 651 3146 graccos
670 3088 828 3138 characteres
844 3093 957 3138 nesciam
971 3092 1041 3140 recte
1054 3094 1154 3155 pingere.

130 3154 157 3203 ld
168 3158 252 3203 autem
265 3154 323 3205 lecit
335 3156 368 3204 ad
380 3157 515 3205 tollendam
530 3168 632 3204 omnem
647 3160 817 3220 suspicionem
830 3172 862 3208 ne
874 3159 979 3209 alterius
994 3168 1069 3223 esset,
1077 3167 1102 3211 et
1112 3173 1154 3210 non

99 3222 183 3281 Pauli,
197 3226 232 3272 ait
247 3224 313 3273 idom
327 3226 528 3286 Clrrysostomus.

128 3290 235 3340 Sanctus
243 3292 392 3352 lluselmus,
407 3294 531 3350 econtra,
543 3296 723 3357 interpretatur
736 3297 767 3345 de
780 3297 844 3346 bene
856 3297 980 3348 formatis.
991 3300 1078 3349 Videte
1086 3300 1154 3361 quim

98 3361 161 3408 bene
175 3360 287 3410 formatis
298 3363 403 3424 litteris,
416 3367 464 3412 etc.
476 3363 520 3412 sed
531 3364 653 3426 quidquid
666 3369 706 3427 sit,
718 3366 766 3415 boc
778 3367 933 3428 singularem
942 3369 1015 3418 Pauli
1027 3371 1056 3418 in
1065 3369 1153 3419 Galatas

98 3429 217 3478 allectum
233 3434 347 3480 testatur.

131 3513 168 3560 12.
183 3513 329 3572 Quicunque
350 3514 414 3560 caim
427 3512 543 3562 coluut...
561 3514 605 3563 Gr.
620 3517 766 3576 quicunque
786 3516 877 3566 volunt
899 3518 966 3568 hond
981 3520 1045 3570 laeie
1061 3532 1112 3569 esse
1131 3519 1153 3566 in

99 3591 187 3638 carne,
207 3585 255 3627 etc.
274 3580 329 3640 Syr.
347 3586 468 3640 quotquot
485 3581 574 3630 volunt
589 3581 691 3643 gloriari
710 3586 737 3632 iu
757 3597 849 3646 carne,
872 3580 922 3637 etc.
944 3593 1050 3651 uterque
1069 3588 1154 3640 omittit

99 3648 177 3703 euim,
192 3651 217 3694 ct
232 3647 389 3695 commodius
405 3649 512 3697 ridetur.

129 3712 221 3761 Ultima
236 3716 345 3773 ratione,
358 3715 488 3777 desumpta
501 3719 640 3767 amoribus
656 3733 780 3769 novorum
796 3720 947 3786 doctorum,
961 3730 1035 3788 urget
1046 3726 1151 3782 Galatas,

99 3783 183 3840 eisque
201 3781 310 3830 ostendit
322 3783 407 3842 quales
421 3786 472 3832 sint
487 3784 523 3833 illi
536 3785 591 3834 lalsi
603 3787 715 3838 doctores
730 3796 754 3837 ct
769 3793 819 3851 quo
833 3795 919 3841 animo
932 3793 1020 3856 legalia
1038 3795 1150 3850 doceant,

100 3849 209 3966 seilligett,
224 3854 251 3897 ut
268 3849 387 3970 plgtccaut3
403 3852 495 3902 iudeis
512 3859 536 3902 et
555 3868 586 3904 uc
604 3860 804 3918 persecutionem
820 3864 959 3929 patiantur.
977 3864 1038 3914 lide
1056 3877 1108 3928 cap·
1124 3868 1149 3920 1,

101 3929 127 3964 u.
182 3932 274 3979 ceap.
312 3933 359 3978 ,u.
375 3928 397 3970 ·.
