2512 4424
153 234 207 287 2¹52
451 233 651 287 EPISTOLAE
671 228 921 284 andahaitis

153 329 265 389 quamsi
279 326 519 390 quavlrumhabet
537 327 687 390 (synagoga
702 326 750 375 sci·
775 325 909 388 desertae,
933 320 1022 389 magis
1049 316 1133 386 quam
1156 314 1209 382 ejus

154 397 213 479 licet
222 396 247 460 i,
262 410 340 459 quam
351 399 378 446 in
391 396 554 447 foecunditate
567 397 694 458 superarit
705 395 753 444 Ec·
775 416 838 469 quae
851 400 935 453 habet
945 399 1046 453 virum,

154 465 276 587 eleis’lraa'rrrrr
287 535 415 596 eileqora'ae
431 533 671 596 applicatio-Nos
683 532 752 581 chri·
809 533 919 585 181103
936 533 1030 582 autem
1041 526 1155 589 iratreS,
1167 538 1210 576 sea

154 607 243 664 stiani,
260 607 343 654 instar·
360 604 449 662 isaac,
472 615 560 651 sumus
579 603 752 662 promissionis
774 608 896 663 cundim
922 612 1000 660 isaac
1022 603 1212 673 promissionis

155 672 200 721 tilii
207 693 214 733 ;
225 685 269 722 seu
281 685 370 722 sumus
381 670 555 733 promissionis
566 668 673 733 tilii,per
682 669 752 717 isaac
775 689 823 740 fiffi
839 701 946 740 sumus,

155 739 310 860 figmata.
324 834 357 846 —
370 807 418 858 Sed
433 805 646 868 quemadmodum
661 804 751 854 lsmael
808 803 853 852 29.
875 799 930 852 Sed
941 796 1087 864 quomodo
1100 801 1167 849 tunc
1176 796 1209 857 is,

100 889 107 898 ·
155 881 251 929 natura
261 877 357 928 viribus
370 880 395 926 et
412 874 507 925 carnali
521 878 681 936 generatione
692 885 751 934 pro-
774 879 821 944 qui
839 875 992 930 secundnm
1007 888 1121 927 carnem
1135 879 1212 925 natus

153 951 260 1008 gnatus,
279 945 472 1009 persequebatur
484 949 547 993 tunc
566 943 696 1001 isaacum,
709 956 751 990 su·
773 957 879 1018 fumi,
903 953 1128 1020 persequemini
1152 964 1210 1005 eum

153 1015 307 1074 pernotumli
318 1014 425 1078 Spiritds
438 1013 523 1062 Sancti
539 1014 649 1071 virtute,
660 1024 690 1060 er
701 1013 752 1061 sin·
774 1034 822 1100 qui
835 1030 988 1085 secundnm
1001 1029 1145 1097 spiritum

152 1081 233 1142 gulari
245 1082 291 1133 Dei
306 1084 471 1145 promissione
485 1085 591 1139 natum;

183 1149 220 1199 lta
230 1153 255 1202 et
266 1164 335 1199 nunc
344 1149 433 1208 iudai,
444 1161 489 1210 per
500 1147 631 1195 ismaelem
640 1145 749 1207 figurati,
774 1147 813 1196 lta
828 1149 855 1196 et
865 1156 949 1195 nunc.

152 1215 317 1278 Christianos,
327 1230 371 1279 per
380 1217 494 1266 isaacum
502 1214 750 1275 figuratoe,oderunt

154 1289 179 1333 et
188 1290 383 1348 persequuntur.
982 1342 987 1355 Ι
1056 1341 1089 1352 ..
1159 1296 1178 1352 ἰ

188 1357 271 1406 Tertia
291 1362 314 1405 et
337 1353 489 1417 principalia
507 1353 749 1416 applicatio—Sed
808 1342 921 1396 50.·Sed
941 1341 1008 1408 qurd
1034 1342 1103 1395 drcrt
1121 1340 1210 1407 Scrip-

153 1424 215 1484 quid
227 1424 324 1474 iactum
336 1423 412 1473 iuisse
425 1423 554 1484 Scriptura
565 1425 689 1471 testatur?
775 1421 855 1473 tura?

183 1493 227 1541 liei
245 1495 318 1554 jussu
338 1495 416 1551 ejecta
435 1496 473 1541 est
491 1491 555 1552 Agar
567 1491 676 1551 ancilla,
691 1505 749 1542 cum
773 1501 848 1566 Ejioe
860 1499 987 1552 ancillam
999 1504 1028 1551 02
1039 1498 1127 1551 fliium
1139 1497 1208 1564 ejus3

152 1558 257 1608 ismaele
268 1559 320 1608 lilio
333 1573 393 1621 suo,
408 1560 507 1609 edomo
520 1559 642 1618 Abraham

182 1629 215 1678 Et
231 1629 322 1680 lsmael
337 1643 390 1681 non
400 1630 452 1680 init
464 1632 588 1693 particeps
598 1630 750 1680 haereditatis
772 1639 916 1692 Nouenim
923 1637 1076 1691 haereserit
1086 1639 1211 1693 filiusan·

152 1698 237 1748 isaaco
254 1703 398 1762 promisse,
413 1712 457 1762 per
468 1699 534 1761 qnod
546 1699 685 1760 significata
702 1700 750 1748 init
773 1719 843 1771 0111ae
872 1731 936 1770 cum
951 1716 1008 1769 filio
1020 1716 1126 1769 libem,

152 1768 302 1831 sinagogae,
321 1775 346 1819 et
364 1769 509 1819 iudaeorum
531 1771 620 1830 ejectio
642 1770 656 1819 d
674 1769 749 1818 domo
853 1757 861 1782 ‘

152 1836 243 1890 Christi
258 1843 282 1887 et
294 1839 352 1899 liei,
365 1852 409 1888 seu
423 1851 453 1888 ex
471 1838 590 1889 licolcsia.

181 1905 371 1956 Meminerimus
389 1909 487 1968 itaque,
502 1906 606 1967 iratres,
620 1904 687 1969 quod
702 1919 748 1955 uos
806 1911 851 1962 ad.
863 1910 968 1973 ltaque,
979 1905 1087 1969 iratres,
1101 1919 1160 1959 non
1171 1918 1210 1959 su·

1162 2031 1210 2043 a..

181 2110 252 2160 Hanc
271 2113 298 2159 in
313 2109 476 2159 foecunditate
493 2107 565 2169 longe
579 2109 706 2169 superavit
724 2108 852 2169 Ecclesia,
871 2107 938 2170 quod
950 2107 1016 2156 hene
1027 2106 1166 2170 figuratum
1176 2109 1209 2156 est

152 2191 197 2240 per
210 2180 288 2238 Sara,
302 2191 358 2240 quae
370 2191 400 2226 ex
413 2176 491 2226 sterili
507 2177 571 2231 iacta
584 2181 622 2225 est
636 2190 777 2227 numerosae
792 2177 869 2239 prolis
881 2181 972 2226 mater.

182 2265 220 2310 28.
233 2262 284 2309 lios
299 2265 384 2308 cutem
397 2259 517 2320 iratres...
536 2260 627 2320 incipit
637 2259 779 2320 allegoriam
790 2259 916 2321 applicare
927 2261 1074 2321 propositio.

182 2335 245 2392 Nos,
259 2337 302 2395 qui
320 2336 348 2381 in
364 2332 493 2381 Christum
507 2333 651 2392 credimus,
671 2347 722 2382 non
741 2346 829 2381 sumus
847 2333 988 2382 secundum
1004 2333 1155 2396 ismaelem,
1167 2347 1206 2385 serr

152 2408 180 2452 ut
191 2402 295 2463 ismael,
308 2402 354 2451 dlii
370 2404 453 2450 carnis
469 2404 494 2450 et
507 2407 604 2451 naturae
616 2403 728 2462 viribus,
739 2402 783 2451 sed
793 2403 825 2451 ad
839 2404 917 2451 instar
933 2404 1002 2452 isaac
1014 2416 1105 2453 sumus
1118 2417 1148 2454 er
1160 2407 1201 2454 rir-

151 2477 204 2520 tute
220 2472 316 2520 divina.
1112 2498 1117 2506 ·

181 2541 276 2603 Quippe
289 2541 424 2590 Christiani
435 2553 480 2602 per
491 2540 597 2590 vcrhum
609 2540 669 2600 liei,
683 2542 725 2589 cui
742 2541 848 2590 credunt
859 2579 865 2601 ,
877 2540 943 2590 liunt
954 2543 1100 2603 spirituales
1108 2544 1206 2596 hhraha

150 2609 204 2660 tilii.

180 2697 219 2744 29.
236 2696 284 2745 Sed
297 2695 420 2756 quomodo
430 2700 517 2744 tuac...
531 2694 609 2742 altera
618 2693 740 2752 allegoria
750 2692 893 2753 applicatio.

180 2761 275 2811 alludit
286 2763 317 2811 ad
330 2763 356 2812 ld
370 2762 437 2824 quod
449 2763 538 2812 Genes.
557 2765 596 2811 21.
614 2766 642 2821 3,
657 2762 749 2809 dicitur
760 2781 767 2821 ;
780 2761 823 2810 sed
843 2762 887 2811 hic
903 2766 977 2812 vocat
994 2769 1203 2826 persecutionem,

151 2833 217 2893 quod
237 2835 271 2882 ibi
291 2833 385 2882 dicitur
403 2833 483 2882 lusus.
563 2876 566 2881 .

179 2901 247 2950 Varii
262 2901 331 2950 varie
342 2901 412 2949 hunc
423 2900 509 2950 lusum
524 2900 670 2962 explicant:
693 2900 735 2949 alii
748 2902 860 2961 iurgium
875 2904 899 2949 et
916 2914 1045 2963 pugnam,
1058 2903 1203 2954 haeredltatis

150 2972 241 3019 causi:
256 2971 299 3018 alii
320 2972 462 3019 irrisionem
475 2970 505 3018 oh
517 2969 596 3018 isaaci
608 2973 726 3031 pietatem
740 2989 746 3015 ε
763 2969 806 3017 alii
821 2971 888 3030 qudd
903 2971 1019 3020 isaacum
1032 2973 1153 3023 inducere
1162 2986 1202 3022 vo·

149 3041 222 3088 luerit
234 3041 266 3087 ad
283 3038 400 3088 colendas
411 3039 491 3087 luteas
502 3041 637 3100 imagines,
648 3051 710 3099 quas
721 3039 828 3088 iaciebat
838 3038 927 3088 ismael
939 3058 946 3089 z
960 3040 1004 3090 alii
1016 3042 1084 3102 quod
1096 3043 1201 3092 lascivire

148 3108 262 3156 voluerit.
279 3108 340 3156 Vide
353 3108 459 3157 Estium.

178 3176 302 3236 Quidquid
314 3179 362 3236 sit,
374 3188 432 3224 vcra
445 3176 493 3225 init
505 3179 660 3238 persecutio,
673 3191 716 3226 seu
730 3178 865 3240 corporalis
877 3215 883 3238 ,
894 3191 938 3227 seu
950 3180 1089 3241 spiritualis
1102 3202 1108 3232 r
1120 3182 1197 3233 etheo

148 3243 196 3292 init
208 3244 287 3306 figura
302 3247 483 3308 persecutionis
496 3245 612 3295 Ecclesia
624 3247 639 3294 a
652 3247 753 3296 iudaeis.

179 3336 217 3382 30.
237 3334 285 3381 Sed
308 3335 369 3395 quid
387 3335 448 3383 dicit
465 3335 615 3395 Scriptura?
924 3367 931 3382 .

179 3400 263 3449 Tertia
280 3406 305 3450 ct
327 3402 473 3464 principalis
492 3402 625 3463 applicatio
643 3401 764 3462 allegoria
779 3423 785 3450 :
800 3407 888 3464 ejectio
907 3406 1005 3456 ancillae
1023 3413 1048 3456 et
1065 3409 1110 3457 irlii
1134 3411 1193 3468 cius,

148 3469 291 3530 significans
305 3471 504 3532 repudiationem
521 3484 651 3532 synagogae
663 3478 687 3519 et
703 3471 860 3531 iudaeorum,
873 3478 909 3521 cst
925 3477 1065 3538 principale
1080 3472 1193 3526 intentum

147 3537 256 3599 Apostoli
269 3556 276 3588 ε
292 3542 320 3586 ut
331 3541 412 3587 sciant
423 3539 515 3588 Galatae
527 3541 684 3602 repudiatam
694 3553 746 3588 esse
757 3554 924 3603 synagogam,
934 3545 1031 3606 sibique
1042 3546 1191 3595 metuendum

147 3620 214 3666 esse,
227 3619 259 3655 ne
271 3620 331 3655 cum
342 3608 445 3657 ismaele
461 3607 625 3657 excludantur
636 3609 667 3656 ab
679 3609 840 3670 haereditate,
858 3613 878 3659 si
895 3625 939 3673 per
957 3612 1075 3674 legalium
1089 3616 1190 3665 observa·

147 3678 258 3735 tionem,
276 3675 339 3724 dant
355 3687 447 3736 servae,
470 3689 513 3724 scu
532 3690 661 3738 synagogae
679 3677 733 3725 iiiii.
774 3736 784 3753 N

176 3765 215 3810 al.
229 3763 324 3823 itaque,
337 3761 426 3824 iratres
438 3776 487 3810 non
499 3775 595 3810 suanus.

174 3831 364 3880 Meminerimus
376 3832 475 3890 itaque,
491 3830 593 3888 iratres,
606 3833 654 3878 cic.
668 3830 727 3879 Vide
744 3833 925 3894 paraphrasim.

175 3917 259 3969 Caena
284 3930 371 3967 rorrus
393 3930 541 3967 accaooma
562 3932 700 3969 rrrosrrro.
718 3921 885 3971 —hhraharn
901 3923 963 3974 duas
986 3924 1073 3976 hahuit
1094 3933 1184 3978 irrorcs,
