<?xml version="1.0" encoding="UTF-8"?>
<!DOCTYPE html PUBLIC "-//W3C//DTD XHTML 1.0 Transitional//EN"
    "http://www.w3.org/TR/xhtml1/DTD/xhtml1-transitional.dtd">
<html xmlns="http://www.w3.org/1999/xhtml" xml:lang="en" lang="en">
 <head>
  <title>
</title>
<meta http-equiv="Content-Type" content="text/html;charset=utf-8" />
  <meta name='ocr-system' content='tesseract 3.04.00' />
  <meta name='ocr-capabilities' content='ocr_page ocr_carea ocr_par ocr_line ocrx_word'/>
</head>
<body>
  <div class='ocr_page' id='page_1' title='image "./epistolarumbpau01berngoog_0200.png"; bbox 0 0 2512 4424; ppageno 0'>
   <div class='ocr_carea' id='block_1_1' title="bbox 269 250 1163 348">
    <p class='ocr_par' dir='ltr' id='par_1_1' title="bbox 269 250 1163 348">
     <span class='ocr_line' id='line_1_1' title="bbox 269 250 1163 348; baseline 0.002 -3"><span class='ocrx_word' id='word_1_1' title='bbox 269 341 271 345; x_wconf 85' lang='grc'><strong>,</strong></span> <span class='ocrx_word' id='word_1_2' title='bbox 349 290 523 344; x_wconf 82' lang='lat' dir='ltr'><strong>rarrcax</strong></span> <span class='ocrx_word' id='word_1_3' title='bbox 541 290 763 347; x_wconf 81' lang='lat' dir='ltr'><strong>arrosrrro.</strong></span> <span class='ocrx_word' id='word_1_4' title='bbox 783 292 866 348; x_wconf 78' lang='lat' dir='ltr'><strong>cir.</strong></span> <span class='ocrx_word' id='word_1_5' title='bbox 884 293 925 347; x_wconf 92' lang='grc' dir='ltr'><strong>ιι.</strong></span> <span class='ocrx_word' id='word_1_6' title='bbox 1091 250 1163 347; x_wconf 56' lang='grc' dir='ltr'><strong>ἰιι</strong></span> 
     </span>
    </p>
   </div>
   <div class='ocr_carea' id='block_1_2' title="bbox 105 381 1167 1336">
    <p class='ocr_par' dir='ltr' id='par_1_2' title="bbox 105 381 1167 1336">
     <span class='ocr_line' id='line_1_2' title="bbox 108 381 1162 447; baseline -0.001 -11"><span class='ocrx_word' id='word_1_7' title='bbox 108 381 205 437; x_wconf 86' lang='lat' dir='ltr'><strong>tiflcari</strong></span> <span class='ocrx_word' id='word_1_8' title='bbox 217 381 247 435; x_wconf 88' lang='lat' dir='ltr'><strong>iu</strong></span> <span class='ocrx_word' id='word_1_9' title='bbox 258 381 379 445; x_wconf 77' lang='lat' dir='ltr'><strong>cbristo,</strong></span> <span class='ocrx_word' id='word_1_10' title='bbox 391 384 496 438; x_wconf 89' lang='lat' dir='ltr'><strong>inventi</strong></span> <span class='ocrx_word' id='word_1_11' title='bbox 505 400 550 438; x_wconf 84' lang='lat' dir='ltr'><strong>su·</strong></span> <span class='ocrx_word' id='word_1_12' title='bbox 570 388 627 436; x_wconf 91' lang='lat' dir='ltr'><strong>tum</strong></span> <span class='ocrx_word' id='word_1_13' title='bbox 641 385 792 447; x_wconf 82' lang='lat' dir='ltr'><strong>iustificari,</strong></span> <span class='ocrx_word' id='word_1_14' title='bbox 811 400 863 437; x_wconf 92' lang='lat' dir='ltr'><strong>non</strong></span> <span class='ocrx_word' id='word_1_15' title='bbox 885 397 974 436; x_wconf 86' lang='lat' dir='ltr'><strong>sumus</strong></span> <span class='ocrx_word' id='word_1_16' title='bbox 988 383 1075 436; x_wconf 85' lang='lat' dir='ltr'><strong>reveri</strong></span> <span class='ocrx_word' id='word_1_17' title='bbox 1091 387 1162 446; x_wconf 80' lang='lat' dir='ltr'><strong>iusti·</strong></span> 
     </span>
     <span class='ocr_line' id='line_1_3' title="bbox 106 451 1165 529; baseline -0.011 -14"><span class='ocrx_word' id='word_1_18' title='bbox 106 473 168 515; x_wconf 82' lang='lat' dir='ltr'><strong>iiius</strong></span> <span class='ocrx_word' id='word_1_19' title='bbox 179 465 209 515; x_wconf 87' lang='lat' dir='ltr'><strong>et</strong></span> <span class='ocrx_word' id='word_1_20' title='bbox 219 458 273 528; x_wconf 85' lang='lat' dir='ltr'><strong>ipsi</strong></span> <span class='ocrx_word' id='word_1_21' title='bbox 283 467 443 529; x_wconf 73' lang='lat' dir='ltr'><strong>peccatores</strong></span> <span class='ocrx_word' id='word_1_22' title='bbox 449 479 458 527; x_wconf 78' lang='lat'>3</span> <span class='ocrx_word' id='word_1_23' title='bbox 570 451 652 514; x_wconf 82' lang='lat' dir='ltr'><strong>acati,</strong></span> <span class='ocrx_word' id='word_1_24' title='bbox 671 453 727 514; x_wconf 87' lang='lat' dir='ltr'><strong>scd,</strong></span> <span class='ocrx_word' id='word_1_25' title='bbox 746 458 850 515; x_wconf 89' lang='lat' dir='ltr'><strong>contra,</strong></span> <span class='ocrx_word' id='word_1_26' title='bbox 864 453 923 504; x_wconf 88' lang='lat' dir='ltr'><strong>iacti</strong></span> <span class='ocrx_word' id='word_1_27' title='bbox 939 467 1028 504; x_wconf 87' lang='lat' dir='ltr'><strong>sumas</strong></span> <span class='ocrx_word' id='word_1_28' title='bbox 1046 455 1165 516; x_wconf 82' lang='lat' dir='ltr'><strong>prevari-</strong></span> 
     </span>
     <span class='ocr_line' id='line_1_4' title="bbox 570 521 1166 584; baseline 0.005 -15"><span class='ocrx_word' id='word_1_29' title='bbox 570 525 683 581; x_wconf 88' lang='lat' dir='ltr'><strong>catores,</strong></span> <span class='ocrx_word' id='word_1_30' title='bbox 704 521 764 582; x_wconf 83' lang='lat' dir='ltr'><strong>qnia</strong></span> <span class='ocrx_word' id='word_1_31' title='bbox 786 522 908 571; x_wconf 87' lang='lat' dir='ltr'><strong>nimirum</strong></span> <span class='ocrx_word' id='word_1_32' title='bbox 929 521 1009 584; x_wconf 77' lang='lat' dir='ltr'><strong>legem</strong></span> <span class='ocrx_word' id='word_1_33' title='bbox 1032 521 1166 572; x_wconf 85' lang='lat' dir='ltr'><strong>llosaioanr</strong></span> 
     </span>
     <span class='ocr_line' id='line_1_5' title="bbox 570 585 1167 652; baseline 0.005 -16"><span class='ocrx_word' id='word_1_34' title='bbox 570 585 739 646; x_wconf 70' lang='lat' dir='ltr'><strong>deseruimus,</strong></span> <span class='ocrx_word' id='word_1_35' title='bbox 755 600 811 648; x_wconf 84' lang='lat' dir='ltr'><strong>que</strong></span> <span class='ocrx_word' id='word_1_36' title='bbox 832 592 932 649; x_wconf 90' lang='lat' dir='ltr'><strong>tamen,</strong></span> <span class='ocrx_word' id='word_1_37' title='bbox 954 594 982 638; x_wconf 90' lang='lat' dir='ltr'><strong>ut</strong></span> <span class='ocrx_word' id='word_1_38' title='bbox 1002 590 1072 639; x_wconf 86' lang='lat' dir='ltr'><strong>vobis</strong></span> <span class='ocrx_word' id='word_1_39' title='bbox 1089 601 1167 652; x_wconf 87' lang='lat' dir='ltr'><strong>pseu·</strong></span> 
     </span>
     <span class='ocr_line' id='line_1_6' title="bbox 570 655 1166 772; baseline 0.007 -68"><span class='ocrx_word' id='word_1_40' title='bbox 570 655 707 772; x_wconf 64' lang='lat' dir='ltr'><strong>dolapostoli</strong></span> <span class='ocrx_word' id='word_1_41' title='bbox 733 655 888 718; x_wconf 87' lang='lat' dir='ltr'><strong>predicant,</strong></span> <span class='ocrx_word' id='word_1_42' title='bbox 906 659 1046 708; x_wconf 88' lang='lat' dir='ltr'><strong>necessaria</strong></span> <span class='ocrx_word' id='word_1_43' title='bbox 1071 666 1110 712; x_wconf 84' lang='lat' dir='ltr'><strong>est</strong></span> <span class='ocrx_word' id='word_1_44' title='bbox 1132 658 1166 710; x_wconf 88' lang='lat' dir='ltr'><strong>ad</strong></span> 
     </span>
     <span class='ocr_line' id='line_1_7' title="bbox 569 728 690 785; baseline -0.017 -11"><span class='ocrx_word' id='word_1_45' title='bbox 569 728 690 785; x_wconf 82' lang='lat' dir='ltr'><strong>siititem;</strong></span> 
     </span>
     <span class='ocr_line' id='line_1_8' title="bbox 105 792 1165 863; baseline -0.002 -16"><span class='ocrx_word' id='word_1_46' title='bbox 105 794 246 860; x_wconf 79' lang='lat' dir='ltr'>Numquid</span> <span class='ocrx_word' id='word_1_47' title='bbox 284 794 409 850; x_wconf 85' lang='lat' dir='ltr'><strong>Christus</strong></span> <span class='ocrx_word' id='word_1_48' title='bbox 440 796 547 863; x_wconf 89' lang='lat' dir='ltr'><strong>peccati</strong></span> <span class='ocrx_word' id='word_1_49' title='bbox 599 794 687 843; x_wconf 79' lang='lat' dir='ltr'><strong>Nonne</strong></span> <span class='ocrx_word' id='word_1_50' title='bbox 702 794 816 855; x_wconf 80' lang='lat' dir='ltr'><strong>sequitur</strong></span> <span class='ocrx_word' id='word_1_51' title='bbox 831 792 905 853; x_wconf 85' lang='lat' dir='ltr'><strong>inde,</strong></span> <span class='ocrx_word' id='word_1_52' title='bbox 924 793 991 855; x_wconf 84' lang='lat' dir='ltr'><strong>quod</strong></span> <span class='ocrx_word' id='word_1_53' title='bbox 1006 793 1165 845; x_wconf 85' lang='lat' dir='ltr'><strong>asthorren·</strong></span> 
     </span>
     <span class='ocr_line' id='line_1_9' title="bbox 106 860 1166 928; baseline 0.001 -16"><span class='ocrx_word' id='word_1_54' title='bbox 106 873 231 928; x_wconf 56' lang='lat' dir='ltr'><strong>minister</strong></span> <span class='ocrx_word' id='word_1_55' title='bbox 249 873 311 928; x_wconf 67' lang='lat'><strong>051?</strong></span> <span class='ocrx_word' id='word_1_56' title='bbox 569 862 631 912; x_wconf 87' lang='lat' dir='ltr'><strong>dum</strong></span> <span class='ocrx_word' id='word_1_57' title='bbox 653 862 740 922; x_wconf 90' lang='lat' dir='ltr'><strong>dictu,</strong></span> <span class='ocrx_word' id='word_1_58' title='bbox 762 860 892 911; x_wconf 85' lang='lat' dir='ltr'><strong>Christum</strong></span> <span class='ocrx_word' id='word_1_59' title='bbox 914 874 968 911; x_wconf 88' lang='lat' dir='ltr'><strong>esse</strong></span> <span class='ocrx_word' id='word_1_60' title='bbox 989 866 1119 913; x_wconf 77' lang='lat' dir='ltr'><strong>auctorem</strong></span> <span class='ocrx_word' id='word_1_61' title='bbox 1141 868 1166 913; x_wconf 88' lang='lat' dir='ltr'><strong>et</strong></span> 
     </span>
     <span class='ocr_line' id='line_1_10' title="bbox 570 929 1165 992; baseline 0 -12"><span class='ocrx_word' id='word_1_62' title='bbox 570 933 716 981; x_wconf 88' lang='lat' dir='ltr'><strong>ministrum</strong></span> <span class='ocrx_word' id='word_1_63' title='bbox 737 930 848 992; x_wconf 87' lang='lat' dir='ltr'><strong>peccati,</strong></span> <span class='ocrx_word' id='word_1_64' title='bbox 866 933 950 992; x_wconf 78' lang='lat' dir='ltr'>utpote</span> <span class='ocrx_word' id='word_1_65' title='bbox 963 933 1006 991; x_wconf 81' lang='lat' dir='ltr'><strong>qui</strong></span> <span class='ocrx_word' id='word_1_66' title='bbox 1019 929 1099 992; x_wconf 83' lang='lat' dir='ltr'><strong>legem</strong></span> <span class='ocrx_word' id='word_1_67' title='bbox 1115 931 1165 982; x_wconf 85' lang='lat' dir='ltr'><strong>lio-</strong></span> 
     </span>
     <span class='ocr_line' id='line_1_11' title="bbox 569 995 1165 1060; baseline 0.002 -12"><span class='ocrx_word' id='word_1_68' title='bbox 569 1001 664 1048; x_wconf 88' lang='lat' dir='ltr'><strong>saioam</strong></span> <span class='ocrx_word' id='word_1_69' title='bbox 688 997 831 1058; x_wconf 75' lang='lat' dir='ltr'><strong>abrogavit,</strong></span> <span class='ocrx_word' id='word_1_70' title='bbox 849 1001 877 1046; x_wconf 94' lang='lat' dir='ltr'><strong>ut</strong></span> <span class='ocrx_word' id='word_1_71' title='bbox 895 995 975 1058; x_wconf 80' lang='lat' dir='ltr'><strong>legem</strong></span> <span class='ocrx_word' id='word_1_72' title='bbox 996 997 1165 1060; x_wconf 80' lang='lat' dir='ltr'><strong>evangelicam</strong></span> 
     </span>
     <span class='ocr_line' id='line_1_12' title="bbox 569 1065 1166 1128; baseline -0.005 -10"><span class='ocrx_word' id='word_1_73' title='bbox 569 1068 669 1118; x_wconf 89' lang='lat' dir='ltr'><strong>doceret</strong></span> <span class='ocrx_word' id='word_1_74' title='bbox 679 1067 710 1116; x_wconf 91' lang='lat' dir='ltr'><strong>ad</strong></span> <span class='ocrx_word' id='word_1_75' title='bbox 719 1065 910 1128; x_wconf 77' lang='lat' dir='ltr'><strong>iusiiilcandum</strong></span> <span class='ocrx_word' id='word_1_76' title='bbox 922 1080 974 1116; x_wconf 90' lang='lat' dir='ltr'><strong>non</strong></span> <span class='ocrx_word' id='word_1_77' title='bbox 982 1068 1166 1118; x_wconf 80' lang='lat' dir='ltr'><strong>sufficientem?</strong></span> 
     </span>
     <span class='ocr_line' id='line_1_13' title="bbox 106 1134 1164 1200; baseline -0.01 -3"><span class='ocrx_word' id='word_1_78' title='bbox 106 1141 190 1200; x_wconf 80' lang='lat' dir='ltr'><strong>Absit.</strong></span> <span class='ocrx_word' id='word_1_79' title='bbox 599 1138 631 1186; x_wconf 82' lang='lat' dir='ltr'><strong>at</strong></span> <span class='ocrx_word' id='word_1_80' title='bbox 644 1134 797 1200; x_wconf 88' lang='lat' dir='ltr'><strong>impossibiie</strong></span> <span class='ocrx_word' id='word_1_81' title='bbox 816 1134 883 1198; x_wconf 81' lang='lat' dir='ltr'><strong>quod</strong></span> <span class='ocrx_word' id='word_1_82' title='bbox 898 1135 1013 1187; x_wconf 85' lang='lat' dir='ltr'><strong>Christ-us</strong></span> <span class='ocrx_word' id='word_1_83' title='bbox 1028 1138 1061 1186; x_wconf 88' lang='lat' dir='ltr'><strong>sit</strong></span> <span class='ocrx_word' id='word_1_84' title='bbox 1076 1141 1164 1187; x_wconf 90' lang='lat' dir='ltr'><strong>auctor</strong></span> 
     </span>
     <span class='ocr_line' id='line_1_14' title="bbox 221 1203 1163 1268; baseline -0.001 -12"><span class='ocrx_word' id='word_1_85' title='bbox 221 1203 223 1207; x_wconf 76' lang='grc'>’</span> <span class='ocrx_word' id='word_1_86' title='bbox 567 1207 679 1268; x_wconf 70' lang='lat' dir='ltr'><strong>peccati,</strong></span> <span class='ocrx_word' id='word_1_87' title='bbox 693 1216 750 1266; x_wconf 76' lang='lat' dir='ltr'><strong>erpo</strong></span> <span class='ocrx_word' id='word_1_88' title='bbox 770 1207 796 1253; x_wconf 92' lang='lat' dir='ltr'><strong>et</strong></span> <span class='ocrx_word' id='word_1_89' title='bbox 811 1203 880 1266; x_wconf 83' lang='lat' dir='ltr'><strong>quod</strong></span> <span class='ocrx_word' id='word_1_90' title='bbox 890 1206 938 1268; x_wconf 92' lang='lat' dir='ltr'><strong>ipsi</strong></span> <span class='ocrx_word' id='word_1_91' title='bbox 954 1204 1092 1255; x_wconf 86' lang='lat' dir='ltr'><strong>obediendo</strong></span> <span class='ocrx_word' id='word_1_92' title='bbox 1104 1204 1163 1255; x_wconf 88' lang='lat' dir='ltr'><strong>iacti</strong></span> 
     </span>
     <span class='ocr_line' id='line_1_15' title="bbox 568 1274 876 1336; baseline -0.006 -12"><span class='ocrx_word' id='word_1_93' title='bbox 568 1276 647 1324; x_wconf 69' lang='lat' dir='ltr'><strong>sinsus</strong></span> <span class='ocrx_word' id='word_1_94' title='bbox 660 1274 876 1336; x_wconf 60' lang='lat' dir='ltr'><strong>prevaricatorem</strong></span> 
     </span>
    </p>
   </div>
   <div class='ocr_carea' id='block_1_3' title="bbox 106 1341 1164 1491">
    <p class='ocr_par' dir='ltr' id='par_1_3' title="bbox 106 1341 1164 1491">
     <span class='ocr_line' id='line_1_16' title="bbox 138 1341 1164 1414; baseline -0.012 -11"><span class='ocrx_word' id='word_1_95' title='bbox 138 1352 181 1403; x_wconf 81' lang='lat' dir='ltr'><strong>ia.</strong></span> <span class='ocrx_word' id='word_1_96' title='bbox 194 1349 224 1402; x_wconf 89' lang='lat' dir='ltr'><strong>Si</strong></span> <span class='ocrx_word' id='word_1_97' title='bbox 245 1347 320 1401; x_wconf 86' lang='lat' dir='ltr'><strong>eninr</strong></span> <span class='ocrx_word' id='word_1_98' title='bbox 339 1360 402 1414; x_wconf 78' lang='lat' dir='ltr'><strong>quse</strong></span> <span class='ocrx_word' id='word_1_99' title='bbox 422 1347 545 1402; x_wconf 63' lang='lat' dir='ltr'><strong>destruxi</strong></span> <span class='ocrx_word' id='word_1_100' title='bbox 598 1341 715 1404; x_wconf 79' lang='lat' dir='ltr'><strong>Quinimb</strong></span> <span class='ocrx_word' id='word_1_101' title='bbox 723 1344 744 1391; x_wconf 90' lang='lat' dir='ltr'><strong>si</strong></span> <span class='ocrx_word' id='word_1_102' title='bbox 756 1341 836 1403; x_wconf 80' lang='lat' dir='ltr'><strong>legem</strong></span> <span class='ocrx_word' id='word_1_103' title='bbox 846 1343 1078 1405; x_wconf 55' lang='lat' dir='ltr'><strong>aerucamuuam</strong></span> <span class='ocrx_word' id='word_1_104' title='bbox 1089 1342 1164 1393; x_wconf 89' lang='lat' dir='ltr'><strong>abro-</strong></span> 
     </span>
     <span class='ocr_line' id='line_1_17' title="bbox 106 1409 1164 1491; baseline -0.005 -28"><span class='ocrx_word' id='word_1_105' title='bbox 106 1423 204 1478; x_wconf 65' lang='lat' dir='ltr'><strong>iremm</strong></span> <span class='ocrx_word' id='word_1_106' title='bbox 221 1423 283 1476; x_wconf 55' lang='grc' dir='ltr'><strong>ΜΟ</strong></span> <span class='ocrx_word' id='word_1_107' title='bbox 298 1423 420 1487; x_wconf 42' lang='lat' dir='ltr'><strong>aedifico,</strong></span> <span class='ocrx_word' id='word_1_108' title='bbox 437 1438 545 1491; x_wconf 55' lang='lat' dir='ltr'><strong>mm.</strong></span> <span class='ocrx_word' id='word_1_109' title='bbox 567 1411 641 1470; x_wconf 79' lang='lat' dir='ltr'><strong>gavi,</strong></span> <span class='ocrx_word' id='word_1_110' title='bbox 659 1410 752 1458; x_wconf 89' lang='lat' dir='ltr'><strong>iterum</strong></span> <span class='ocrx_word' id='word_1_111' title='bbox 773 1410 900 1469; x_wconf 87' lang='lat' dir='ltr'><strong>instauro,</strong></span> <span class='ocrx_word' id='word_1_112' title='bbox 921 1411 973 1459; x_wconf 90' lang='lat' dir='ltr'><strong>sive</strong></span> <span class='ocrx_word' id='word_1_113' title='bbox 990 1413 1046 1459; x_wconf 80' lang='lat' dir='ltr'><strong>meai</strong></span> <span class='ocrx_word' id='word_1_114' title='bbox 1071 1409 1164 1473; x_wconf 81' lang='lat' dir='ltr'><strong>predi-</strong></span> 
     </span>
    </p>
   </div>
   <div class='ocr_carea' id='block_1_4' title="bbox 104 1477 1163 1614">
    <p class='ocr_par' dir='ltr' id='par_1_4' title="bbox 104 1477 1163 1614">
     <span class='ocr_line' id='line_1_18' title="bbox 104 1477 1163 1556; baseline -0.015 -15"><span class='ocrx_word' id='word_1_115' title='bbox 104 1501 249 1556; x_wconf 62' lang='lat' dir='ltr'><strong>,icapofem</strong></span> <span class='ocrx_word' id='word_1_116' title='bbox 267 1500 474 1555; x_wconf 55' lang='lat' dir='ltr'><strong>meconspim</strong></span> <span class='ocrx_word' id='word_1_117' title='bbox 567 1480 681 1534; x_wconf 86' lang='lat' dir='ltr'><strong>catione,</strong></span> <span class='ocrx_word' id='word_1_118' title='bbox 706 1479 758 1526; x_wconf 89' lang='lat' dir='ltr'><strong>sive</strong></span> <span class='ocrx_word' id='word_1_119' title='bbox 780 1477 951 1539; x_wconf 80' lang='lat' dir='ltr'><strong>observantia,</strong></span> <span class='ocrx_word' id='word_1_120' title='bbox 971 1490 1016 1540; x_wconf 78' lang='lat' dir='ltr'><strong>ego</strong></span> <span class='ocrx_word' id='word_1_121' title='bbox 1039 1490 1082 1529; x_wconf 87' lang='lat' dir='ltr'><strong>me</strong></span> <span class='ocrx_word' id='word_1_122' title='bbox 1102 1477 1163 1540; x_wconf 76' lang='lat' dir='ltr'><strong>legis</strong></span> 
     </span>
     <span class='ocr_line' id='line_1_19' title="bbox 563 1548 935 1614; baseline -0.005 -16"><span class='ocrx_word' id='word_1_123' title='bbox 563 1548 785 1614; x_wconf 84' lang='lat' dir='ltr'><strong>prevaricatorem</strong></span> <span class='ocrx_word' id='word_1_124' title='bbox 799 1549 935 1597; x_wconf 88' lang='lat' dir='ltr'><strong>constituo.</strong></span> 
     </span>
    </p>
   </div>
   <div class='ocr_carea' id='block_1_5' title="bbox 95 1735 1163 3535">
    <p class='ocr_par' dir='ltr' id='par_1_5' title="bbox 102 1735 1163 1994">
     <span class='ocr_line' id='line_1_20' title="bbox 132 1735 1163 1800; baseline 0.005 -13"><span class='ocrx_word' id='word_1_125' title='bbox 132 1735 243 1800; x_wconf 69' lang='lat' dir='ltr'><strong>allegati</strong></span> <span class='ocrx_word' id='word_1_126' title='bbox 255 1739 283 1786; x_wconf 93' lang='lat' dir='ltr'><strong>in</strong></span> <span class='ocrx_word' id='word_1_127' title='bbox 295 1737 417 1798; x_wconf 89' lang='lat' dir='ltr'><strong>superiori</strong></span> <span class='ocrx_word' id='word_1_128' title='bbox 426 1748 500 1787; x_wconf 82' lang='lat' dir='ltr'><strong>versu</strong></span> <span class='ocrx_word' id='word_1_129' title='bbox 512 1736 589 1799; x_wconf 83' lang='lat' dir='ltr'><strong>semel</strong></span> <span class='ocrx_word' id='word_1_130' title='bbox 601 1739 625 1786; x_wconf 88' lang='lat' dir='ltr'><strong>ci</strong></span> <span class='ocrx_word' id='word_1_131' title='bbox 636 1737 729 1786; x_wconf 90' lang='lat' dir='ltr'><strong>iterum</strong></span> <span class='ocrx_word' id='word_1_132' title='bbox 740 1735 801 1798; x_wconf 80' lang='lat' dir='ltr'><strong>legis</strong></span> <span class='ocrx_word' id='word_1_133' title='bbox 813 1736 991 1791; x_wconf 79' lang='lat' dir='ltr'><strong>insufficientia</strong></span> <span class='ocrx_word' id='word_1_134' title='bbox 1001 1738 1034 1789; x_wconf 90' lang='lat' dir='ltr'><strong>ad</strong></span> <span class='ocrx_word' id='word_1_135' title='bbox 1046 1739 1163 1792; x_wconf 87' lang='lat' dir='ltr'><strong>homines</strong></span> 
     </span>
     <span class='ocr_line' id='line_1_21' title="bbox 102 1804 1162 1868; baseline 0.004 -12"><span class='ocrx_word' id='word_1_136' title='bbox 102 1805 292 1868; x_wconf 61' lang='lat' dir='ltr'><strong>justificandam</strong></span> <span class='ocrx_word' id='word_1_137' title='bbox 308 1809 333 1853; x_wconf 90' lang='lat' dir='ltr'><strong>et</strong></span> <span class='ocrx_word' id='word_1_138' title='bbox 344 1805 375 1853; x_wconf 93' lang='lat' dir='ltr'><strong>ob</strong></span> <span class='ocrx_word' id='word_1_139' title='bbox 388 1804 455 1856; x_wconf 90' lang='lat' dir='ltr'><strong>hanc</strong></span> <span class='ocrx_word' id='word_1_140' title='bbox 470 1805 531 1868; x_wconf 81' lang='lat' dir='ltr'><strong>legis</strong></span> <span class='ocrx_word' id='word_1_141' title='bbox 548 1805 752 1855; x_wconf 85' lang='lat' dir='ltr'><strong>insufficientiam</strong></span> <span class='ocrx_word' id='word_1_142' title='bbox 762 1805 907 1856; x_wconf 77' lang='lat' dir='ltr'><strong>iudeorum</strong></span> <span class='ocrx_word' id='word_1_143' title='bbox 917 1806 949 1855; x_wconf 93' lang='lat' dir='ltr'><strong>ad</strong></span> <span class='ocrx_word' id='word_1_144' title='bbox 961 1807 1089 1858; x_wconf 84' lang='lat' dir='ltr'><strong>Christum</strong></span> <span class='ocrx_word' id='word_1_145' title='bbox 1100 1822 1162 1860; x_wconf 90' lang='lat' dir='ltr'><strong>oon-</strong></span> 
     </span>
     <span class='ocr_line' id='line_1_22' title="bbox 103 1873 1161 1940; baseline 0.003 -16"><span class='ocrx_word' id='word_1_146' title='bbox 103 1877 218 1926; x_wconf 86' lang='lat' dir='ltr'><strong>rersione</strong></span> <span class='ocrx_word' id='word_1_147' title='bbox 230 1873 376 1938; x_wconf 82' lang='lat' dir='ltr'><strong>suppositi,</strong></span> <span class='ocrx_word' id='word_1_148' title='bbox 389 1875 443 1936; x_wconf 80' lang='lat' dir='ltr'><strong>iam</strong></span> <span class='ocrx_word' id='word_1_149' title='bbox 456 1886 487 1925; x_wconf 87' lang='lat' dir='ltr'><strong>ex</strong></span> <span class='ocrx_word' id='word_1_150' title='bbox 501 1873 685 1937; x_wconf 73' lang='lat' dir='ltr'><strong>judaizantium</strong></span> <span class='ocrx_word' id='word_1_151' title='bbox 699 1885 782 1924; x_wconf 86' lang='lat' dir='ltr'><strong>errore</strong></span> <span class='ocrx_word' id='word_1_152' title='bbox 799 1874 909 1924; x_wconf 77' lang='lat' dir='ltr'><strong>ostendit</strong></span> <span class='ocrx_word' id='word_1_153' title='bbox 921 1875 1076 1926; x_wconf 89' lang='lat' dir='ltr'><strong>horrendum</strong></span> <span class='ocrx_word' id='word_1_154' title='bbox 1091 1881 1161 1940; x_wconf 89' lang='lat' dir='ltr'><strong>sequi</strong></span> 
     </span>
     <span class='ocr_line' id='line_1_23' title="bbox 103 1944 252 1994; baseline -0.013 0"><span class='ocrx_word' id='word_1_155' title='bbox 103 1944 252 1994; x_wconf 85' lang='lat' dir='ltr'><strong>absurdum.</strong></span> 
     </span>
    </p>

    <p class='ocr_par' dir='ltr' id='par_1_6' title="bbox 101 2017 1161 2291">
     <span class='ocr_line' id='line_1_24' title="bbox 133 2017 1160 2082; baseline 0.002 -14"><span class='ocrx_word' id='word_1_156' title='bbox 133 2018 208 2078; x_wconf 80' lang='lat' dir='ltr'><strong>Quod</strong></span> <span class='ocrx_word' id='word_1_157' title='bbox 218 2018 242 2067; x_wconf 81' lang='lat' dir='ltr'><strong>st</strong></span> <span class='ocrx_word' id='word_1_158' title='bbox 251 2023 414 2080; x_wconf 79' lang='lat' dir='ltr'><strong>quarentes...</strong></span> <span class='ocrx_word' id='word_1_159' title='bbox 426 2017 453 2069; x_wconf 94' lang='lat' dir='ltr'><strong>id</strong></span> <span class='ocrx_word' id='word_1_160' title='bbox 466 2020 521 2079; x_wconf 86' lang='lat' dir='ltr'><strong>est,</strong></span> <span class='ocrx_word' id='word_1_161' title='bbox 537 2017 604 2081; x_wconf 78' lang='lat' dir='ltr'><strong>quod</strong></span> <span class='ocrx_word' id='word_1_162' title='bbox 616 2017 636 2068; x_wconf 92' lang='lat' dir='ltr'><strong>si</strong></span> <span class='ocrx_word' id='word_1_163' title='bbox 645 2030 695 2068; x_wconf 92' lang='lat' dir='ltr'><strong>-nos</strong></span> <span class='ocrx_word' id='word_1_164' title='bbox 711 2017 802 2068; x_wconf 80' lang='lat' dir='ltr'><strong>natura</strong></span> <span class='ocrx_word' id='word_1_165' title='bbox 812 2017 909 2079; x_wconf 82' lang='lat' dir='ltr'><strong>tadei,</strong></span> <span class='ocrx_word' id='word_1_166' title='bbox 922 2018 1009 2069; x_wconf 91' lang='lat' dir='ltr'><strong>relicto</strong></span> <span class='ocrx_word' id='word_1_167' title='bbox 1020 2019 1160 2082; x_wconf 75' lang='lat' dir='ltr'><strong>ludaismo,</strong></span> 
     </span>
     <span class='ocr_line' id='line_1_25' title="bbox 102 2086 1160 2153; baseline 0.002 -16"><span class='ocrx_word' id='word_1_168' title='bbox 102 2093 236 2153; x_wconf 76' lang='lat' dir='ltr'><strong>puoereoiea</strong></span> <span class='ocrx_word' id='word_1_169' title='bbox 251 2099 295 2149; x_wconf 91' lang='lat' dir='ltr'><strong>per</strong></span> <span class='ocrx_word' id='word_1_170' title='bbox 314 2086 389 2136; x_wconf 89' lang='lat' dir='ltr'><strong>iidem</strong></span> <span class='ocrx_word' id='word_1_171' title='bbox 404 2088 431 2137; x_wconf 93' lang='lat' dir='ltr'><strong>in</strong></span> <span class='ocrx_word' id='word_1_172' title='bbox 447 2087 576 2138; x_wconf 85' lang='lat' dir='ltr'><strong>Christum</strong></span> <span class='ocrx_word' id='word_1_173' title='bbox 584 2087 740 2150; x_wconf 72' lang='lat' dir='ltr'><strong>justificari,</strong></span> <span class='ocrx_word' id='word_1_174' title='bbox 755 2101 807 2137; x_wconf 94' lang='lat' dir='ltr'><strong>non</strong></span> <span class='ocrx_word' id='word_1_175' title='bbox 819 2100 907 2136; x_wconf 90' lang='lat' dir='ltr'><strong>sumus</strong></span> <span class='ocrx_word' id='word_1_176' title='bbox 920 2089 1006 2138; x_wconf 86' lang='lat' dir='ltr'><strong>revera</strong></span> <span class='ocrx_word' id='word_1_177' title='bbox 1017 2089 1160 2150; x_wconf 78' lang='lat' dir='ltr'><strong>justiilcati,</strong></span> 
     </span>
     <span class='ocr_line' id='line_1_26' title="bbox 101 2156 1161 2220; baseline 0 -12"><span class='ocrx_word' id='word_1_178' title='bbox 101 2158 143 2208; x_wconf 83' lang='lat' dir='ltr'><strong>sed</strong></span> <span class='ocrx_word' id='word_1_179' title='bbox 154 2158 168 2207; x_wconf 84' lang='lat' dir='ltr'><strong>e</strong></span> <span class='ocrx_word' id='word_1_180' title='bbox 181 2159 283 2216; x_wconf 88' lang='lat' dir='ltr'><strong>contra,</strong></span> <span class='ocrx_word' id='word_1_181' title='bbox 294 2158 438 2217; x_wconf 81' lang='lat' dir='ltr'><strong>peccatores</strong></span> <span class='ocrx_word' id='word_1_182' title='bbox 450 2158 625 2218; x_wconf 88' lang='lat' dir='ltr'><strong>inveniamur,</strong></span> <span class='ocrx_word' id='word_1_183' title='bbox 638 2157 669 2205; x_wconf 91' lang='lat' dir='ltr'><strong>ob</strong></span> <span class='ocrx_word' id='word_1_184' title='bbox 681 2156 741 2218; x_wconf 81' lang='lat' dir='ltr'><strong>legis</strong></span> <span class='ocrx_word' id='word_1_185' title='bbox 753 2156 957 2217; x_wconf 78' lang='lat' dir='ltr'><strong>derelictionem,</strong></span> <span class='ocrx_word' id='word_1_186' title='bbox 968 2169 1040 2220; x_wconf 77' lang='lat' dir='ltr'><strong>quaa,</strong></span> <span class='ocrx_word' id='word_1_187' title='bbox 1053 2162 1080 2208; x_wconf 91' lang='lat' dir='ltr'><strong>ut</strong></span> <span class='ocrx_word' id='word_1_188' title='bbox 1090 2159 1161 2209; x_wconf 87' lang='lat' dir='ltr'><strong>vobis</strong></span> 
     </span>
     <span class='ocr_line' id='line_1_27' title="bbox 103 2224 849 2291; baseline -0.003 -13"><span class='ocrx_word' id='word_1_189' title='bbox 103 2227 243 2291; x_wconf 84' lang='lat' dir='ltr'><strong>predicant</strong></span> <span class='ocrx_word' id='word_1_190' title='bbox 254 2224 454 2288; x_wconf 89' lang='lat' dir='ltr'><strong>pseudoapostoli</strong></span> <span class='ocrx_word' id='word_1_191' title='bbox 465 2261 473 2285; x_wconf 93' lang='lat'><strong>,</strong></span> <span class='ocrx_word' id='word_1_192' title='bbox 487 2228 627 2275; x_wconf 87' lang='lat' dir='ltr'><strong>necessaria</strong></span> <span class='ocrx_word' id='word_1_193' title='bbox 640 2229 677 2274; x_wconf 89' lang='lat' dir='ltr'><strong>est</strong></span> <span class='ocrx_word' id='word_1_194' title='bbox 688 2225 849 2276; x_wconf 89' lang='lat' dir='ltr'><strong>adsalutem.</strong></span> 
     </span>
    </p>

    <p class='ocr_par' dir='ltr' id='par_1_7' title="bbox 100 2295 1161 2429">
     <span class='ocr_line' id='line_1_28' title="bbox 130 2295 1161 2359; baseline 0.005 -14"><span class='ocrx_word' id='word_1_195' title='bbox 130 2295 197 2357; x_wconf 78' lang='lat' dir='ltr'><strong>Ergo</strong></span> <span class='ocrx_word' id='word_1_196' title='bbox 219 2295 332 2345; x_wconf 76' lang='lat' dir='ltr'><strong>Christos</strong></span> <span class='ocrx_word' id='word_1_197' title='bbox 348 2295 488 2353; x_wconf 79' lang='lat' dir='ltr'><strong>bominac,</strong></span> <span class='ocrx_word' id='word_1_198' title='bbox 507 2297 603 2358; x_wconf 91' lang='lat' dir='ltr'><strong>peccati</strong></span> <span class='ocrx_word' id='word_1_199' title='bbox 624 2295 778 2356; x_wconf 88' lang='lat' dir='ltr'><strong>destructor,</strong></span> <span class='ocrx_word' id='word_1_200' title='bbox 795 2296 890 2359; x_wconf 74' lang='lat' dir='ltr'><strong>peccota·</strong></span> <span class='ocrx_word' id='word_1_201' title='bbox 905 2299 995 2346; x_wconf 79' lang='lat' dir='ltr'><strong>auctor</strong></span> <span class='ocrx_word' id='word_1_202' title='bbox 1010 2301 1035 2348; x_wconf 93' lang='lat' dir='ltr'><strong>et</strong></span> <span class='ocrx_word' id='word_1_203' title='bbox 1050 2299 1161 2350; x_wconf 60' lang='lat' dir='ltr'><strong>mittete</strong></span> 
     </span>
     <span class='ocr_line' id='line_1_29' title="bbox 100 2362 1022 2429; baseline 0 -13"><span class='ocrx_word' id='word_1_204' title='bbox 100 2370 134 2416; x_wconf 79' lang='lat' dir='ltr'><strong>ert</strong></span> <span class='ocrx_word' id='word_1_205' title='bbox 145 2385 154 2415; x_wconf 93' lang='lat'><strong>.·</strong></span> <span class='ocrx_word' id='word_1_206' title='bbox 167 2367 221 2426; x_wconf 90' lang='lat' dir='ltr'><strong>ipse</strong></span> <span class='ocrx_word' id='word_1_207' title='bbox 233 2365 301 2413; x_wconf 91' lang='lat' dir='ltr'><strong>enim</strong></span> <span class='ocrx_word' id='word_1_208' title='bbox 312 2362 392 2424; x_wconf 80' lang='lat' dir='ltr'><strong>legem</strong></span> <span class='ocrx_word' id='word_1_209' title='bbox 406 2363 552 2425; x_wconf 80' lang='lat' dir='ltr'><strong>abrogavit,</strong></span> <span class='ocrx_word' id='word_1_210' title='bbox 565 2365 618 2427; x_wconf 86' lang='lat' dir='ltr'><strong>ipse</strong></span> <span class='ocrx_word' id='word_1_211' title='bbox 629 2363 705 2414; x_wconf 90' lang='lat' dir='ltr'><strong>iidem</strong></span> <span class='ocrx_word' id='word_1_212' title='bbox 719 2379 792 2416; x_wconf 88' lang='lat' dir='ltr'><strong>suam</strong></span> <span class='ocrx_word' id='word_1_213' title='bbox 808 2367 881 2416; x_wconf 83' lang='lat' dir='ltr'><strong>noble</strong></span> <span class='ocrx_word' id='word_1_214' title='bbox 896 2368 1022 2429; x_wconf 72' lang='lat' dir='ltr'><strong>precepit.</strong></span> 
     </span>
    </p>

    <p class='ocr_par' dir='ltr' id='par_1_8' title="bbox 98 2431 1160 2568">
     <span class='ocr_line' id='line_1_30' title="bbox 128 2431 1160 2498; baseline 0.004 -15"><span class='ocrx_word' id='word_1_215' title='bbox 128 2431 274 2484; x_wconf 82' lang='lat' dir='ltr'><strong>absurdum</strong></span> <span class='ocrx_word' id='word_1_216' title='bbox 286 2435 311 2482; x_wconf 89' lang='lat' dir='ltr'><strong>et</strong></span> <span class='ocrx_word' id='word_1_217' title='bbox 323 2431 478 2482; x_wconf 89' lang='lat' dir='ltr'><strong>horrendum</strong></span> <span class='ocrx_word' id='word_1_218' title='bbox 492 2432 576 2494; x_wconf 92' lang='lat' dir='ltr'><strong>dictu,</strong></span> <span class='ocrx_word' id='word_1_219' title='bbox 591 2433 659 2495; x_wconf 84' lang='lat' dir='ltr'><strong>qnod</strong></span> <span class='ocrx_word' id='word_1_220' title='bbox 674 2433 790 2484; x_wconf 83' lang='lat' dir='ltr'><strong>Christus</strong></span> <span class='ocrx_word' id='word_1_221' title='bbox 802 2436 847 2496; x_wconf 83' lang='lat' dir='ltr'><strong>qrri</strong></span> <span class='ocrx_word' id='word_1_222' title='bbox 860 2434 926 2484; x_wconf 88' lang='lat' dir='ltr'><strong>tollit</strong></span> <span class='ocrx_word' id='word_1_223' title='bbox 939 2439 1044 2497; x_wconf 87' lang='lat' dir='ltr'><strong>peccata</strong></span> <span class='ocrx_word' id='word_1_224' title='bbox 1053 2435 1160 2498; x_wconf 88' lang='lat' dir='ltr'><strong>mundi,</strong></span> 
     </span>
     <span class='ocr_line' id='line_1_31' title="bbox 98 2501 1083 2568; baseline 0.002 -14"><span class='ocrx_word' id='word_1_225' title='bbox 98 2506 142 2568; x_wconf 81' lang='lat' dir='ltr'><strong>prii</strong></span> <span class='ocrx_word' id='word_1_226' title='bbox 153 2514 200 2567; x_wconf 88' lang='lat' dir='ltr'><strong>pro</strong></span> <span class='ocrx_word' id='word_1_227' title='bbox 213 2505 314 2566; x_wconf 88' lang='lat' dir='ltr'><strong>peccato</strong></span> <span class='ocrx_word' id='word_1_228' title='bbox 325 2501 430 2551; x_wconf 89' lang='lat' dir='ltr'><strong>delendo</strong></span> <span class='ocrx_word' id='word_1_229' title='bbox 445 2507 561 2552; x_wconf 88' lang='lat' dir='ltr'><strong>mortuus</strong></span> <span class='ocrx_word' id='word_1_230' title='bbox 576 2507 629 2564; x_wconf 92' lang='lat' dir='ltr'><strong>est,</strong></span> <span class='ocrx_word' id='word_1_231' title='bbox 643 2505 739 2566; x_wconf 89' lang='lat' dir='ltr'><strong>peccati</strong></span> <span class='ocrx_word' id='word_1_232' title='bbox 761 2506 794 2553; x_wconf 85' lang='lat' dir='ltr'><strong>sii</strong></span> <span class='ocrx_word' id='word_1_233' title='bbox 810 2507 900 2555; x_wconf 88' lang='lat' dir='ltr'><strong>auctor</strong></span> <span class='ocrx_word' id='word_1_234' title='bbox 915 2507 940 2552; x_wconf 92' lang='lat' dir='ltr'><strong>et</strong></span> <span class='ocrx_word' id='word_1_235' title='bbox 958 2507 1083 2556; x_wconf 87' lang='lat' dir='ltr'><strong>minister.</strong></span> 
     </span>
    </p>

    <p class='ocr_par' dir='ltr' id='par_1_9' title="bbox 98 2570 1159 2704">
     <span class='ocr_line' id='line_1_32' title="bbox 129 2570 1159 2636; baseline 0.002 -14"><span class='ocrx_word' id='word_1_236' title='bbox 129 2571 273 2622; x_wconf 70' lang='lat' dir='ltr'><strong>absurdam</strong></span> <span class='ocrx_word' id='word_1_237' title='bbox 284 2582 342 2633; x_wconf 86' lang='lat' dir='ltr'><strong>ergo</strong></span> <span class='ocrx_word' id='word_1_238' title='bbox 355 2573 380 2620; x_wconf 90' lang='lat' dir='ltr'><strong>et</strong></span> <span class='ocrx_word' id='word_1_239' title='bbox 390 2570 544 2633; x_wconf 89' lang='lat' dir='ltr'><strong>impossibiie</strong></span> <span class='ocrx_word' id='word_1_240' title='bbox 559 2573 625 2634; x_wconf 80' lang='lat' dir='ltr'><strong>quod</strong></span> <span class='ocrx_word' id='word_1_241' title='bbox 637 2572 715 2635; x_wconf 83' lang='lat' dir='ltr'><strong>legem</strong></span> <span class='ocrx_word' id='word_1_242' title='bbox 728 2571 870 2622; x_wconf 88' lang='lat' dir='ltr'><strong>deserentes</strong></span> <span class='ocrx_word' id='word_1_243' title='bbox 879 2575 1080 2636; x_wconf 80' lang='lat' dir='ltr'><strong>peccaverimus,</strong></span> <span class='ocrx_word' id='word_1_244' title='bbox 1094 2578 1119 2623; x_wconf 90' lang='lat' dir='ltr'><strong>et</strong></span> <span class='ocrx_word' id='word_1_245' title='bbox 1132 2577 1159 2624; x_wconf 92' lang='lat' dir='ltr'><strong>in</strong></span> 
     </span>
     <span class='ocr_line' id='line_1_33' title="bbox 98 2641 861 2704; baseline -0.003 -11"><span class='ocrx_word' id='word_1_246' title='bbox 98 2642 200 2693; x_wconf 80' lang='lat' dir='ltr'><strong>carisio</strong></span> <span class='ocrx_word' id='word_1_247' title='bbox 212 2644 355 2704; x_wconf 75' lang='lat' dir='ltr'><strong>peccatores</strong></span> <span class='ocrx_word' id='word_1_248' title='bbox 368 2641 528 2690; x_wconf 86' lang='lat' dir='ltr'><strong>inveniamur</strong></span> <span class='ocrx_word' id='word_1_249' title='bbox 540 2641 636 2702; x_wconf 77' lang='lat' dir='ltr'><strong>ellepis</strong></span> <span class='ocrx_word' id='word_1_250' title='bbox 651 2643 861 2704; x_wconf 75' lang='lat' dir='ltr'><strong>praevaricatores.</strong></span> 
     </span>
    </p>

    <p class='ocr_par' dir='ltr' id='par_1_10' title="bbox 97 2709 1159 2842">
     <span class='ocr_line' id='line_1_34' title="bbox 128 2709 1159 2774; baseline 0.001 -13"><span class='ocrx_word' id='word_1_251' title='bbox 128 2711 249 2774; x_wconf 82' lang='lat' dir='ltr'><strong>Quinimo</strong></span> <span class='ocrx_word' id='word_1_252' title='bbox 260 2713 403 2772; x_wconf 84' lang='lat' dir='ltr'><strong>peccatores</strong></span> <span class='ocrx_word' id='word_1_253' title='bbox 416 2711 442 2758; x_wconf 91' lang='lat' dir='ltr'><strong>et</strong></span> <span class='ocrx_word' id='word_1_254' title='bbox 454 2713 658 2773; x_wconf 80' lang='lat' dir='ltr'><strong>prevaricatores</strong></span> <span class='ocrx_word' id='word_1_255' title='bbox 677 2712 773 2760; x_wconf 87' lang='lat' dir='ltr'><strong>erimus</strong></span> <span class='ocrx_word' id='word_1_256' title='bbox 791 2712 812 2760; x_wconf 93' lang='lat' dir='ltr'><strong>si</strong></span> <span class='ocrx_word' id='word_1_257' title='bbox 829 2710 862 2760; x_wconf 91' lang='lat' dir='ltr'><strong>ad</strong></span> <span class='ocrx_word' id='word_1_258' title='bbox 872 2709 952 2771; x_wconf 78' lang='lat' dir='ltr'><strong>legem</strong></span> <span class='ocrx_word' id='word_1_259' title='bbox 963 2709 1113 2760; x_wconf 86' lang='lat' dir='ltr'><strong>redeamus:</strong></span> <span class='ocrx_word' id='word_1_260' title='bbox 1131 2714 1159 2762; x_wconf 82' lang='lat' dir='ltr'><strong>Si</strong></span> 
     </span>
     <span class='ocr_line' id='line_1_35' title="bbox 97 2779 395 2842; baseline 0 -14"><span class='ocrx_word' id='word_1_261' title='bbox 97 2779 164 2828; x_wconf 73' lang='lat' dir='ltr'><strong>erim</strong></span> <span class='ocrx_word' id='word_1_262' title='bbox 176 2792 232 2842; x_wconf 77' lang='lat' dir='ltr'><strong>pue</strong></span> <span class='ocrx_word' id='word_1_263' title='bbox 244 2779 395 2829; x_wconf 73' lang='lat' dir='ltr'><strong>carruca...</strong></span> 
     </span>
    </p>

    <p class='ocr_par' dir='ltr' id='par_1_11' title="bbox 127 2845 578 2896">
     <span class='ocr_line' id='line_1_36' title="bbox 127 2845 578 2896; baseline -0.002 0"><span class='ocrx_word' id='word_1_264' title='bbox 127 2845 214 2896; x_wconf 83' lang='lat' dir='ltr'><strong>Potest</strong></span> <span class='ocrx_word' id='word_1_265' title='bbox 231 2848 257 2895; x_wconf 93' lang='lat' dir='ltr'><strong>in</strong></span> <span class='ocrx_word' id='word_1_266' title='bbox 273 2847 352 2896; x_wconf 90' lang='lat' dir='ltr'><strong>iorma</strong></span> <span class='ocrx_word' id='word_1_267' title='bbox 365 2848 402 2896; x_wconf 92' lang='lat' dir='ltr'><strong>sic</strong></span> <span class='ocrx_word' id='word_1_268' title='bbox 413 2846 557 2896; x_wconf 87' lang='lat' dir='ltr'><strong>ratiocinari</strong></span> <span class='ocrx_word' id='word_1_269' title='bbox 571 2864 578 2895; x_wconf 78' lang='lat' dir='ltr'><strong>r</strong></span> 
     </span>
    </p>

    <p class='ocr_par' dir='ltr' id='par_1_12' title="bbox 95 2914 1159 3394">
     <span class='ocr_line' id='line_1_37' title="bbox 127 2914 1156 2977; baseline 0.002 -11"><span class='ocrx_word' id='word_1_270' title='bbox 127 2916 155 2966; x_wconf 88' lang='lat' dir='ltr'><strong>Si</strong></span> <span class='ocrx_word' id='word_1_271' title='bbox 168 2917 210 2967; x_wconf 81' lang='lat' dir='ltr'><strong>lex</strong></span> <span class='ocrx_word' id='word_1_272' title='bbox 222 2918 334 2966; x_wconf 91' lang='lat' dir='ltr'><strong>mosaica</strong></span> <span class='ocrx_word' id='word_1_273' title='bbox 346 2915 515 2975; x_wconf 84' lang='lat' dir='ltr'><strong>Christianis,</strong></span> <span class='ocrx_word' id='word_1_274' title='bbox 534 2928 579 2964; x_wconf 90' lang='lat' dir='ltr'><strong>seu</strong></span> <span class='ocrx_word' id='word_1_275' title='bbox 594 2917 621 2965; x_wconf 90' lang='lat' dir='ltr'><strong>in</strong></span> <span class='ocrx_word' id='word_1_276' title='bbox 634 2914 763 2965; x_wconf 86' lang='lat' dir='ltr'><strong>Christum</strong></span> <span class='ocrx_word' id='word_1_277' title='bbox 779 2915 953 2977; x_wconf 84' lang='lat' dir='ltr'><strong>credentibus,</strong></span> <span class='ocrx_word' id='word_1_278' title='bbox 968 2919 1006 2966; x_wconf 89' lang='lat' dir='ltr'><strong>est</strong></span> <span class='ocrx_word' id='word_1_279' title='bbox 1017 2920 1156 2968; x_wconf 61' lang='lat' dir='ltr'><strong>necesaria</strong></span> 
     </span>
     <span class='ocr_line' id='line_1_38' title="bbox 96 2984 1156 3049; baseline 0.002 -14"><span class='ocrx_word' id='word_1_280' title='bbox 96 2984 130 3035; x_wconf 89' lang='lat' dir='ltr'><strong>ad</strong></span> <span class='ocrx_word' id='word_1_281' title='bbox 143 2985 269 3046; x_wconf 88' lang='lat' dir='ltr'><strong>salutern,</strong></span> <span class='ocrx_word' id='word_1_282' title='bbox 280 2988 309 3033; x_wconf 90' lang='lat' dir='ltr'><strong>ut</strong></span> <span class='ocrx_word' id='word_1_283' title='bbox 323 2985 413 3034; x_wconf 89' lang='lat' dir='ltr'><strong>docent</strong></span> <span class='ocrx_word' id='word_1_284' title='bbox 424 2984 641 3047; x_wconf 82' lang='lat' dir='ltr'><strong>pseudoapostoli,</strong></span> <span class='ocrx_word' id='word_1_285' title='bbox 661 2985 791 3045; x_wconf 87' lang='lat' dir='ltr'><strong>Christus,</strong></span> <span class='ocrx_word' id='word_1_286' title='bbox 804 2987 857 3047; x_wconf 91' lang='lat' dir='ltr'><strong>ipsa</strong></span> <span class='ocrx_word' id='word_1_287' title='bbox 868 2986 1005 3045; x_wconf 89' lang='lat' dir='ltr'><strong>sanctitas,</strong></span> <span class='ocrx_word' id='word_1_288' title='bbox 1022 2989 1046 3034; x_wconf 91' lang='lat' dir='ltr'><strong>et</strong></span> <span class='ocrx_word' id='word_1_289' title='bbox 1061 2990 1156 3049; x_wconf 89' lang='lat' dir='ltr'><strong>peccati</strong></span> 
     </span>
     <span class='ocr_line' id='line_1_39' title="bbox 96 3053 1157 3120; baseline 0.004 -17"><span class='ocrx_word' id='word_1_290' title='bbox 96 3053 258 3114; x_wconf 87' lang='lat' dir='ltr'><strong>destructor,</strong></span> <span class='ocrx_word' id='word_1_291' title='bbox 273 3056 321 3103; x_wconf 87' lang='lat' dir='ltr'><strong>crit</strong></span> <span class='ocrx_word' id='word_1_292' title='bbox 335 3054 432 3118; x_wconf 89' lang='lat' dir='ltr'><strong>pcccati</strong></span> <span class='ocrx_word' id='word_1_293' title='bbox 448 3057 554 3114; x_wconf 84' lang='lat' dir='ltr'><strong>auct0r;</strong></span> <span class='ocrx_word' id='word_1_294' title='bbox 566 3057 591 3103; x_wconf 91' lang='lat' dir='ltr'><strong>et</strong></span> <span class='ocrx_word' id='word_1_295' title='bbox 608 3067 655 3104; x_wconf 91' lang='lat' dir='ltr'><strong>nos</strong></span> <span class='ocrx_word' id='word_1_296' title='bbox 673 3054 753 3104; x_wconf 85' lang='lat' dir='ltr'><strong>iudei</strong></span> <span class='ocrx_word' id='word_1_297' title='bbox 763 3091 770 3114; x_wconf 93' lang='lat'><strong>,</strong></span> <span class='ocrx_word' id='word_1_298' title='bbox 782 3056 825 3115; x_wconf 86' lang='lat' dir='ltr'><strong>qui</strong></span> <span class='ocrx_word' id='word_1_299' title='bbox 843 3054 923 3116; x_wconf 82' lang='lat' dir='ltr'><strong>legem</strong></span> <span class='ocrx_word' id='word_1_300' title='bbox 937 3053 1093 3105; x_wconf 86' lang='lat' dir='ltr'><strong>deseruimus</strong></span> <span class='ocrx_word' id='word_1_301' title='bbox 1112 3067 1157 3120; x_wconf 90' lang='lat' dir='ltr'><strong>pro</strong></span> 
     </span>
     <span class='ocr_line' id='line_1_40' title="bbox 96 3124 1159 3188; baseline 0.001 -12"><span class='ocrx_word' id='word_1_302' title='bbox 96 3125 215 3187; x_wconf 83' lang='lat' dir='ltr'><strong>Gbristo,</strong></span> <span class='ocrx_word' id='word_1_303' title='bbox 230 3128 326 3176; x_wconf 89' lang='lat' dir='ltr'><strong>erimus</strong></span> <span class='ocrx_word' id='word_1_304' title='bbox 347 3126 550 3188; x_wconf 72' lang='lat' dir='ltr'><strong>prevaricatores</strong></span> <span class='ocrx_word' id='word_1_305' title='bbox 570 3143 576 3174; x_wconf 81' lang='lat' dir='ltr'><strong>r</strong></span> <span class='ocrx_word' id='word_1_306' title='bbox 598 3125 736 3174; x_wconf 90' lang='lat' dir='ltr'><strong>absurdum</strong></span> <span class='ocrx_word' id='word_1_307' title='bbox 752 3129 837 3174; x_wconf 90' lang='lat' dir='ltr'><strong>autern</strong></span> <span class='ocrx_word' id='word_1_308' title='bbox 858 3130 882 3174; x_wconf 90' lang='lat' dir='ltr'><strong>et</strong></span> <span class='ocrx_word' id='word_1_309' title='bbox 902 3124 1056 3186; x_wconf 89' lang='lat' dir='ltr'><strong>impossibile</strong></span> <span class='ocrx_word' id='word_1_310' title='bbox 1074 3132 1112 3177; x_wconf 91' lang='lat' dir='ltr'><strong>est</strong></span> <span class='ocrx_word' id='word_1_311' title='bbox 1130 3133 1159 3176; x_wconf 91' lang='lat' dir='ltr'><strong>ut</strong></span> 
     </span>
     <span class='ocr_line' id='line_1_41' title="bbox 95 3193 1157 3256; baseline 0.002 -12"><span class='ocrx_word' id='word_1_312' title='bbox 95 3195 213 3244; x_wconf 76' lang='lat' dir='ltr'><strong>Christus</strong></span> <span class='ocrx_word' id='word_1_313' title='bbox 226 3194 364 3254; x_wconf 89' lang='lat' dir='ltr'><strong>bominus,</strong></span> <span class='ocrx_word' id='word_1_314' title='bbox 377 3195 431 3256; x_wconf 90' lang='lat' dir='ltr'><strong>ipsa</strong></span> <span class='ocrx_word' id='word_1_315' title='bbox 442 3195 578 3253; x_wconf 90' lang='lat' dir='ltr'><strong>sanctitas,</strong></span> <span class='ocrx_word' id='word_1_316' title='bbox 590 3194 624 3242; x_wconf 86' lang='lat' dir='ltr'><strong>sit</strong></span> <span class='ocrx_word' id='word_1_317' title='bbox 633 3195 728 3256; x_wconf 91' lang='lat' dir='ltr'><strong>peccati</strong></span> <span class='ocrx_word' id='word_1_318' title='bbox 742 3198 829 3242; x_wconf 88' lang='lat' dir='ltr'><strong>auctor</strong></span> <span class='ocrx_word' id='word_1_319' title='bbox 841 3198 865 3243; x_wconf 87' lang='lat' dir='ltr'><strong>et</strong></span> <span class='ocrx_word' id='word_1_320' title='bbox 877 3196 1007 3255; x_wconf 61' lang='lat' dir='ltr'><strong>miniatem</strong></span> <span class='ocrx_word' id='word_1_321' title='bbox 1019 3193 1157 3246; x_wconf 90' lang='lat' dir='ltr'><strong>absurdum</strong></span> 
     </span>
     <span class='ocr_line' id='line_1_42' title="bbox 96 3261 1156 3327; baseline 0.004 -15"><span class='ocrx_word' id='word_1_322' title='bbox 96 3276 155 3327; x_wconf 82' lang='lat' dir='ltr'><strong>ergo</strong></span> <span class='ocrx_word' id='word_1_323' title='bbox 174 3269 200 3314; x_wconf 93' lang='lat' dir='ltr'><strong>et</strong></span> <span class='ocrx_word' id='word_1_324' title='bbox 215 3262 368 3325; x_wconf 89' lang='lat' dir='ltr'><strong>impossibile</strong></span> <span class='ocrx_word' id='word_1_325' title='bbox 379 3261 445 3324; x_wconf 85' lang='lat' dir='ltr'><strong>qubd</strong></span> <span class='ocrx_word' id='word_1_326' title='bbox 456 3261 495 3311; x_wconf 86' lang='lat' dir='ltr'><strong>lcr</strong></span> <span class='ocrx_word' id='word_1_327' title='bbox 507 3263 540 3311; x_wconf 89' lang='lat' dir='ltr'><strong>sit</strong></span> <span class='ocrx_word' id='word_1_328' title='bbox 551 3261 583 3310; x_wconf 92' lang='lat' dir='ltr'><strong>ad</strong></span> <span class='ocrx_word' id='word_1_329' title='bbox 596 3261 704 3312; x_wconf 91' lang='lat' dir='ltr'><strong>salutem</strong></span> <span class='ocrx_word' id='word_1_330' title='bbox 715 3264 872 3323; x_wconf 89' lang='lat' dir='ltr'><strong>necessaria,</strong></span> <span class='ocrx_word' id='word_1_331' title='bbox 886 3266 911 3311; x_wconf 92' lang='lat' dir='ltr'><strong>et</strong></span> <span class='ocrx_word' id='word_1_332' title='bbox 921 3261 989 3324; x_wconf 81' lang='lat' dir='ltr'><strong>quod</strong></span> <span class='ocrx_word' id='word_1_333' title='bbox 1001 3275 1048 3314; x_wconf 90' lang='lat' dir='ltr'><strong>uos</strong></span> <span class='ocrx_word' id='word_1_334' title='bbox 1058 3264 1137 3316; x_wconf 81' lang='lat' dir='ltr'><strong>iudai</strong></span> <span class='ocrx_word' id='word_1_335' title='bbox 1149 3303 1156 3327; x_wconf 94' lang='lat'><strong>,</strong></span> 
     </span>
     <span class='ocr_line' id='line_1_43' title="bbox 95 3333 664 3394; baseline -0.005 -11"><span class='ocrx_word' id='word_1_336' title='bbox 95 3333 178 3394; x_wconf 70' lang='lat' dir='ltr'><strong>legem</strong></span> <span class='ocrx_word' id='word_1_337' title='bbox 193 3333 348 3393; x_wconf 90' lang='lat' dir='ltr'><strong>descrentes,</strong></span> <span class='ocrx_word' id='word_1_338' title='bbox 360 3333 440 3381; x_wconf 88' lang='lat' dir='ltr'><strong>simus</strong></span> <span class='ocrx_word' id='word_1_339' title='bbox 452 3333 664 3394; x_wconf 83' lang='lat' dir='ltr'><strong>prevaricatores.</strong></span> 
     </span>
    </p>

    <p class='ocr_par' dir='ltr' id='par_1_13' title="bbox 95 3398 1156 3535">
     <span class='ocr_line' id='line_1_44' title="bbox 126 3398 1156 3466; baseline 0.005 -15"><span class='ocrx_word' id='word_1_340' title='bbox 126 3401 265 3464; x_wconf 81' lang='lat' dir='ltr'><strong>Quinimb,</strong></span> <span class='ocrx_word' id='word_1_341' title='bbox 284 3403 305 3451; x_wconf 88' lang='lat' dir='ltr'><strong>si</strong></span> <span class='ocrx_word' id='word_1_342' title='bbox 324 3401 512 3451; x_wconf 83' lang='lat' dir='ltr'><strong>christianismo</strong></span> <span class='ocrx_word' id='word_1_343' title='bbox 530 3403 662 3464; x_wconf 90' lang='lat' dir='ltr'><strong>suscepto,</strong></span> <span class='ocrx_word' id='word_1_344' title='bbox 680 3398 714 3450; x_wconf 90' lang='lat' dir='ltr'><strong>ad</strong></span> <span class='ocrx_word' id='word_1_345' title='bbox 730 3399 810 3463; x_wconf 79' lang='lat' dir='ltr'><strong>legem</strong></span> <span class='ocrx_word' id='word_1_346' title='bbox 831 3399 977 3464; x_wconf 90' lang='lat' dir='ltr'><strong>redeamus,</strong></span> <span class='ocrx_word' id='word_1_347' title='bbox 996 3409 1156 3466; x_wconf 78' lang='lat' dir='ltr'><strong>peccatores.</strong></span> 
     </span>
     <span class='ocr_line' id='line_1_45' title="bbox 95 3472 975 3535; baseline -0.006 -12"><span class='ocrx_word' id='word_1_348' title='bbox 95 3472 474 3535; x_wconf 81' lang='lat' dir='ltr'><strong>seopraevaricatoreserimus.</strong></span> <span class='ocrx_word' id='word_1_349' title='bbox 973 3497 975 3501; x_wconf 55' lang='lat'>&gt;</span> 
     </span>
    </p>
   </div>
   <div class='ocr_carea' id='block_1_6' title="bbox 95 3557 1156 3761">
    <p class='ocr_par' dir='ltr' id='par_1_14' title="bbox 95 3557 1156 3761">
     <span class='ocr_line' id='line_1_46' title="bbox 129 3557 517 3621; baseline -0.003 -12"><span class='ocrx_word' id='word_1_350' title='bbox 129 3564 168 3610; x_wconf 87' lang='lat' dir='ltr'><strong>ia.</strong></span> <span class='ocrx_word' id='word_1_351' title='bbox 182 3561 213 3610; x_wconf 82' lang='lat' dir='ltr'><strong>Si</strong></span> <span class='ocrx_word' id='word_1_352' title='bbox 226 3560 293 3610; x_wconf 77' lang='lat' dir='ltr'><strong>etaim</strong></span> <span class='ocrx_word' id='word_1_353' title='bbox 309 3571 365 3621; x_wconf 82' lang='lat' dir='ltr'><strong>quo</strong></span> <span class='ocrx_word' id='word_1_354' title='bbox 378 3557 517 3608; x_wconf 65' lang='lat' dir='ltr'><strong>marae...</strong></span> 
     </span>
     <span class='ocr_line' id='line_1_47' title="bbox 125 3626 1156 3692; baseline -0.002 -13"><span class='ocrx_word' id='word_1_355' title='bbox 125 3629 241 3679; x_wconf 75' lang='lat' dir='ltr'><strong>diternm</strong></span> <span class='ocrx_word' id='word_1_356' title='bbox 254 3628 299 3677; x_wconf 91' lang='lat' dir='ltr'><strong>hio</strong></span> <span class='ocrx_word' id='word_1_357' title='bbox 316 3628 389 3689; x_wconf 85' lang='lat' dir='ltr'><strong>quasi</strong></span> <span class='ocrx_word' id='word_1_358' title='bbox 406 3628 556 3677; x_wconf 89' lang='lat' dir='ltr'><strong>concatenat</strong></span> <span class='ocrx_word' id='word_1_359' title='bbox 572 3626 777 3688; x_wconf 61' lang='lat' dir='ltr'><strong>rationemque</strong></span> <span class='ocrx_word' id='word_1_360' title='bbox 796 3627 885 3690; x_wconf 90' lang='lat' dir='ltr'><strong>probat</strong></span> <span class='ocrx_word' id='word_1_361' title='bbox 900 3629 928 3679; x_wconf 92' lang='lat' dir='ltr'><strong>in</strong></span> <span class='ocrx_word' id='word_1_362' title='bbox 941 3627 1002 3692; x_wconf 80' lang='lat' dir='ltr'><strong>legis</strong></span> <span class='ocrx_word' id='word_1_363' title='bbox 1021 3629 1156 3680; x_wconf 87' lang='lat' dir='ltr'><strong>abolitione</strong></span> 
     </span>
     <span class='ocr_line' id='line_1_48' title="bbox 95 3695 1155 3761; baseline -0.001 -13"><span class='ocrx_word' id='word_1_364' title='bbox 95 3697 403 3760; x_wconf 62' lang='lat' dir='ltr'><strong>perseverantiamque</strong></span> <span class='ocrx_word' id='word_1_365' title='bbox 421 3695 455 3744; x_wconf 93' lang='lat' dir='ltr'><strong>ad</strong></span> <span class='ocrx_word' id='word_1_366' title='bbox 473 3695 545 3746; x_wconf 88' lang='lat' dir='ltr'><strong>iiiam</strong></span> <span class='ocrx_word' id='word_1_367' title='bbox 564 3695 640 3746; x_wconf 88' lang='lat' dir='ltr'><strong>rediri</strong></span> <span class='ocrx_word' id='word_1_368' title='bbox 655 3708 708 3747; x_wconf 90' lang='lat' dir='ltr'><strong>non</strong></span> <span class='ocrx_word' id='word_1_369' title='bbox 728 3699 810 3760; x_wconf 86' lang='lat' dir='ltr'><strong>potest</strong></span> <span class='ocrx_word' id='word_1_370' title='bbox 828 3697 883 3747; x_wconf 88' lang='lat' dir='ltr'><strong>sina</strong></span> <span class='ocrx_word' id='word_1_371' title='bbox 901 3700 1106 3761; x_wconf 81' lang='lat' dir='ltr'><strong>prevaricatione</strong></span> <span class='ocrx_word' id='word_1_372' title='bbox 1129 3701 1155 3747; x_wconf 91' lang='lat' dir='ltr'><strong>in</strong></span> 
     </span>
    </p>
   </div>
   <div class='ocr_carea' id='block_1_7' title="bbox 96 3766 1153 3898">
    <p class='ocr_par' dir='ltr' id='par_1_15' title="bbox 96 3766 1153 3898">
     <span class='ocr_line' id='line_1_49' title="bbox 96 3766 1153 3898; baseline -0.002 -14"><span class='ocrx_word' id='word_1_373' title='bbox 96 3766 248 3885; x_wconf 50' lang='lat' dir='ltr'><strong>difflebant</strong></span> <span class='ocrx_word' id='word_1_374' title='bbox 261 3831 418 3893; x_wconf 77' lang='lat' dir='ltr'><strong>iudaizantes</strong></span> <span class='ocrx_word' id='word_1_375' title='bbox 435 3831 634 3897; x_wconf 87' lang='lat' dir='ltr'><strong>pseudoapostoli</strong></span> <span class='ocrx_word' id='word_1_376' title='bbox 650 3831 717 3895; x_wconf 83' lang='lat' dir='ltr'><strong>quod</strong></span> <span class='ocrx_word' id='word_1_377' title='bbox 731 3832 812 3898; x_wconf 81' lang='lat' dir='ltr'><strong>legem</strong></span> <span class='ocrx_word' id='word_1_378' title='bbox 833 3815 961 3894; x_wconf 84' lang='lat' dir='ltr'><strong>deserere&#39;,</strong></span> <span class='ocrx_word' id='word_1_379' title='bbox 977 3837 1041 3884; x_wconf 87' lang='lat' dir='ltr'><strong>esset</strong></span> <span class='ocrx_word' id='word_1_380' title='bbox 1058 3845 1153 3895; x_wconf 83' lang='lat' dir='ltr'><strong>prara-</strong></span> 
     </span>
    </p>
   </div>
   <div class='ocr_carea' id='block_1_8' title="bbox 96 3904 1152 4047">
    <p class='ocr_par' dir='ltr' id='par_1_16' title="bbox 96 3904 1152 4047">
     <span class='ocr_line' id='line_1_50' title="bbox 96 3904 346 3966; baseline -0.016 -14"><span class='ocrx_word' id='word_1_381' title='bbox 96 3904 172 3953; x_wconf 91' lang='lat' dir='ltr'><strong>rlcari</strong></span> <span class='ocrx_word' id='word_1_382' title='bbox 185 3907 211 3952; x_wconf 88' lang='lat' dir='ltr'><strong>et</strong></span> <span class='ocrx_word' id='word_1_383' title='bbox 221 3913 326 3966; x_wconf 89' lang='lat' dir='ltr'><strong>peccare</strong></span> <span class='ocrx_word' id='word_1_384' title='bbox 338 3913 346 3948; x_wconf 75' lang='lat' dir='ltr'><strong>r</strong></span> 
     </span>
     <span class='ocr_line' id='line_1_51' title="bbox 128 3968 1152 4047; baseline -0.003 -23"><span class='ocrx_word' id='word_1_385' title='bbox 128 3971 236 4034; x_wconf 86' lang='lat' dir='ltr'><strong>Contra,</strong></span> <span class='ocrx_word' id='word_1_386' title='bbox 251 3968 386 4036; x_wconf 75' lang='lat' dir='ltr'><strong>Apostolus</strong></span> <span class='ocrx_word' id='word_1_387' title='bbox 397 3968 460 4021; x_wconf 88' lang='lat' dir='ltr'><strong>dicit</strong></span> <span class='ocrx_word' id='word_1_388' title='bbox 469 3968 536 4034; x_wconf 79' lang='lat' dir='ltr'><strong>qood</strong></span> <span class='ocrx_word' id='word_1_389' title='bbox 551 3971 584 4047; x_wconf 86' lang='lat' dir='ltr'><strong>ad</strong></span> <span class='ocrx_word' id='word_1_390' title='bbox 592 3969 672 4034; x_wconf 77' lang='lat' dir='ltr'><strong>lapom</strong></span> <span class='ocrx_word' id='word_1_391' title='bbox 683 3968 779 4034; x_wconf 83' lang='lat' dir='ltr'><strong>redire,</strong></span> <span class='ocrx_word' id='word_1_392' title='bbox 792 3971 824 4023; x_wconf 89' lang='lat' dir='ltr'><strong>sit</strong></span> <span class='ocrx_word' id='word_1_393' title='bbox 833 3970 990 4036; x_wconf 82' lang='lat' dir='ltr'><strong>prevaricari</strong></span> <span class='ocrx_word' id='word_1_394' title='bbox 1000 3972 1025 4022; x_wconf 89' lang='lat' dir='ltr'><strong>et</strong></span> <span class='ocrx_word' id='word_1_395' title='bbox 1040 3980 1152 4036; x_wconf 89' lang='lat' dir='ltr'><strong>peccare.</strong></span> 
     </span>
    </p>
   </div>
   <div class='ocr_carea' id='block_1_9' title="bbox 0 0 1260 4424">
    <p class='ocr_par' dir='ltr' id='par_1_17' title="bbox 0 0 1260 4424">
     <span class='ocr_line' id='line_1_52' title="bbox 0 0 1260 4424; baseline 0 4"><span class='ocrx_word' id='word_1_396' title='bbox 0 0 1260 4424; x_wconf 95' lang='lat' dir='ltr'><strong> </strong></span> 
     </span>
    </p>
   </div>
  </div>
 </body>
</html>
