2512 4424
91 251 157 302 -tid
269 247 457 304 sudditum
475 250 676 305 EPISTOLAE
695 251 745 303 AD
762 250 1008 305 CORINTHIOS

133 341 210 404 Signa
222 347 309 392 tamen
326 346 352 392 et
371 343 496 394 miracula
509 344 576 407 apud
589 357 647 405 vos,
658 357 703 393 vo·
758 348 804 399 ta.
822 346 905 413 Signa
922 351 1015 399 tamen
1025 345 1170 412 apostola·

64 447 66 451 .
103 411 191 472 bisque
206 412 393 474 spectantibus,
405 413 489 473 edidi,
501 426 545 476 per
559 425 615 475 qute
630 426 703 462 meus
725 423 769 475 mg
781 424 836 476 met
850 423 922 476 sacra
937 427 1004 476 gunt
1015 435 1102 489 super
1119 434 1169 475 vos

103 479 174 545 robis
187 484 283 542 pateret
295 481 448 544 apostolatus
455 503 463 544 ;
474 496 519 546 per
530 483 702 532 omnimodam
724 501 753 553 in
765 503 842 554 omni
856 501 1005 568 pauentia,
1023 500 1053 552 j„
1066 499 1168 568 sigum,

103 550 338 632 patientiam,'per
360 556 445 602 omnia
460 552 643 602 miraculorum
661 564 703 614 ge·
725 584 753 631 et
765 578 900 645 prodigiis
930 582 959 630 et
971 575 1133 630 virtutibus·

96 629 181 679 mera,
195 632 248 668 siue
263 633 334 681 signa
342 657 350 682 ,
364 625 417 672 sive
428 623 557 684 prodigia,
577 624 630 671 slve
648 625 702 671 vlr-
907 617 915 642 '

103 688 169 734 tutes
182 686 309 737 dicantur.

133 751 197 813 Quid
209 758 246 804 est
257 755 345 816 enim,
361 755 413 803 sire
427 755 454 805 in
466 755 595 817 doctrina,
607 758 660 806 sire
673 758 701 806 iu
758 760 804 809 tr.
814 756 886 818 Quid
894 762 937 810 est
948 756 1025 809 enim
1033 754 1113 823 quod
1121 752 1169 807 ml-

102 820 233 870 mlraculis
243 858 251 883 ,
262 821 330 884 quod
342 823 429 872 minus
441 824 566 874 habuistis
581 837 633 886 prae
653 837 701 874 ca·
724 833 777 886 mis
786 833 922 887 habuistis
933 846 993 902 prae
1001 833 1169 887 caeoerissso·

105 893 163 941 teris
176 891 307 952 Ecclesiis,
317 904 365 944 ,seu
380 891 413 941 ab
430 891 487 942 aliis
500 892 642 956 Apostolis,
656 905 700 942 seu
724 911 830 976 cledis,
1125 904 1129 910 '

104 963 119 1012 lt
131 974 172 1013 me
185 962 319 1014 fundatis?

132 1032 185 1083 lloc
202 1046 300 1096 unum,
311 1032 378 1096 quod
398 1034 430 1084 ad
447 1035 556 1085 aliorum
569 1033 698 1097 Apostolo·
722 1031 779 1084 Nisi
796 1030 874 1098 qudd
888 1041 940 1097 ego
954 1030 1017 1096 lpse
1027 1042 1089 1082 non
1103 1042 1167 1097 gra·

102 1112 161 1149 rum
177 1100 335 1164 exemplum,
353 1114 405 1151 non
419 1105 519 1162 gravavi
533 1113 578 1151 vos
591 1103 699 1164 sumpti·
723 1109 782 1161 vavi
804 1109 875 1161 ms?
893 1109 997 1162 donate
1012 1109 1084 1162 mihi
1094 1108 1167 1161 hana

102 1169 150 1220 hus
164 1190 171 1220 ε
184 1174 206 1221 si
219 1172 268 1222 hoc
283 1174 316 1222 sit
336 1173 446 1232 injuria,
464 1171 604 1221 condonate
616 1171 699 1233 mihi,
723 1185 861 1252 injuriam.

102 1235 161 1288 licet
174 1252 226 1289 non
241 1241 384 1303 poenitenti.

131 1306 196 1357 Eece
204 1309 259 1369 jam
270 1308 345 1357 tertio
358 1307 461 1370 paratu's
474 1321 532 1358 sum
543 1308 631 1357 advos
646 1309 699 1369 lre;
756 1311 801 1360 tr.
813 1312 883 1360 Ecce
893 1307 976 1360 tertio
987 1307 1043 1360 hoc
1055 1310 1166 1374 paratus

131 1508 224 1558 Probat
237 1507 305 1570 quod
316 1510 400 1572 ipsum
411 1509 550 1559 debuerunt
561 1511 748 1561 commendare.

131 1577 328 1639 (inlaqueatus
339 1593 370 1629 ex
381 1591 423 1629 me
438 1579 502 1629 nihll
511 1582 560 1630 slm
570 1617 577 1641 ,
589 1587 675 1630 tamen
686 1583 714 1630 lu
726 1593 755 1629 co
767 1578 833 1639 quod
846 1580 942 1641 spectat
954 1577 987 1627 ad
998 1578 1164 1640 apostolicum

102 1658 214 1708 munus,
225 1653 251 1697 et
263 1646 329 1698 dona
343 1650 366 1698 ei
375 1660 504 1709 connexa,
515 1662 567 1698 non
579 1648 614 1698 iul
624 1650 709 1699 minor
721 1651 752 1699 iis
765 1648 809 1710 qai
821 1654 878 1696 runt
889 1660 971 1708 moro
980 1648 1089 1697 modom
1100 1650 1165 1710 Apo·

101 1715 176 1776 etoli,·
187 1715 214 1765 id
227 1719 283 1777 est,
297 1717 472 1780 Apostolorum
486 1719 615 1779 precipui.
628 1717 684 1778 syr.
698 1716 836 1766 admodum
848 1719 995 1777 prestantes
1006 1713 1129 1778 Apostoli.
1166 1736 1170 1743 ·

131 1783 187 1842 llou
195 1782 243 1833 fult
253 1786 282 1834 in
292 1788 391 1835 actione
399 1787 493 1847 minor,
502 1786 578 1848 quam
593 1786 696 1847 Petrus,
705 1786 828 1844 loannes,
837 1784 960 1834 lacobus:
970 1786 1007 1834 ita
1016 1783 1163 1842 Auselmus,

101 1849 262 1902 Ambrosium
276 1857 387 1904 secutus.

129 1918 331 1985 pseudoapostoli
345 1921 453 1973 Paulum
466 1922 656 1985 deprimebant,
671 1921 743 1987 quasi
763 1919 888 1984 Apostolis
902 1918 977 1983 louge
996 1920 1162 1971 inferioremr

102 1990 180 2053 hinc,
194 1995 247 2054 ait,
257 2006 310 2042 non
320 1992 358 2042 ful
369 1995 467 2054 minor,
480 1997 529 2044 etc.

102 2081 274 2198 &1133is{9m
292 2087 375 2132 tomen
375 2113 425 2135 .....
437 2079 480 2130 Gr.
500 2081 572 2142 sigua
587 2080 690 2140 quidem
702 2077 823 2142 Apostoli.
834 2076 891 2141 syr.
902 2079 975 2141 signa
988 2078 1163 2142 Apostolorum

161 2163 170 2197 r
195 2162 212 2197 n
224 2161 251 2198 er
261 2162 315 2198 ros.

133 2231 214 2292 Sicca
228 2231 366 2292 siquidem,
383 2244 429 2282 seu
450 2232 574 2283 miracula
593 2234 731 2291 intervos,
744 2230 865 2291 vobisque
878 2231 1071 2293 spectantibus,
1085 2229 1161 2290 edidI,

101 2313 147 2362 per
159 2312 216 2361 quae
228 2313 300 2351 meus
310 2302 326 2350 d
338 2301 408 2351 vobis
421 2301 574 2365 apostolatus
586 2301 714 2350 evidenter
726 2303 912 2361 agnosceretur.

131 2383 163 2431 In
179 2382 247 2430 omni
254 2382 426 2443 parientiam
439 2387 476 2432 est
486 2395 561 2442 ,cum
572 2381 717 2431 omnimoda
725 2381 856 2442 patientia.
869 2379 922 2429 Hoc
930 2392 984 2430 uuo
992 2379 1072 2431 verbo
1081 2380 1162 2438 octat,

101 2449 291 2511 comprehendit
302 2462 390 2500 omnes
401 2453 471 2512 quasi
481 2462 570 2512 passus
581 2452 620 2498 est
631 2451 759 2511 passiones
769 2452 795 2496 et
804 2449 993 2509 persecutiones
1005 2449 1077 2511 apud
1087 2461 1138 2499 eos.

132 2533 163 2580 In
173 2533 264 2594 119111,
279 2538 302 2581 et
313 2533 454 2594 prodictio,
467 2538 489 2581 et
501 2531 655 2588 uirtutibus,
667 2529 694 2577 id
705 2533 758 2590 est,
772 2540 816 2591 per
828 2530 914 2582 omnia
924 2527 1112 2580 miraculorum
1122 2540 1162 2592 ge-

102 2612 176 2661 nera,
186 2605 281 2662 majora
292 2638 299 2662 ,
310 2604 426 2662 minora,
439 2602 595 2651 eommunia.

130 2668 230 2719 Primus
242 2670 373 2720 character
384 2669 510 2731 Apostoli,
520 2671 559 2717 est
572 2665 718 2717 omnimoda
728 2664 859 2729 patientia.

130 2737 275 2799 Secundus,
287 2742 324 2788 est
337 2737 460 2788 miracula
471 2735 603 2787 humiliter
610 2739 718 2799 patrare.

133 2828 171 2875 13.
186 2826 252 2885 Quid
265 2831 299 2875 ert
308 2826 403 2874 enim...
415 2824 512 2874 Rursus
522 2822 626 2885 probat,
638 2826 663 2871 et
674 2819 740 2883 quod
749 2833 809 2873 enm
821 2819 1001 2871 commendare
1015 2821 1160 2880 debuerint,

102 2895 126 2942 ct
136 2892 203 2954 quod
214 2892 270 2941 aliis
283 2891 408 2954 Apostolis
419 2902 473 2939 non
486 2892 520 2939 sit
531 2889 648 2950 inferior3
662 2901 752 2950 eosque
763 2888 818 2937 ideo
831 2888 985 2951 interpellat.

134 2977 201 3034 Quid
211 2980 262 3032 ert,
278 2976 331 3022 slve
346 2975 374 3021 ln
387 2973 516 3032 doctrina,
527 2973 581 3021 sire
594 2974 621 3021 in
633 2972 779 3031 miraculis,
792 2970 859 3032 qudd
873 2972 958 3019 minue
973 2971 1163 3023 habumtr‘rlan

100 3045 200 3094 minora
210 3055 256 3104 per
265 3053 308 3089 me
320 3040 387 3089 dona
403 3041 546 3100 recepistis,
556 3041 632 3100 quam
644 3043 740 3098 caeierae
755 3038 870 3092 Ecclesiae
882 3050 927 3101 per
938 3038 1003 3089 allos
1014 3040 1163 3104 Apostolosi

100 3112 151 3172 qud
166 3113 193 3159 ln
203 3121 232 3158 re
247 3107 329 3157 fuistis
344 3107 401 3156 aliis
412 3102 530 3157 Eccleslis
540 3108 690 3158 inferiores?
773 3107 778 3113 '

130 3190 190 3238 Proe
203 3191 297 3238 ceteris
307 3188 434 3246 1111111111,
447 3190 499 3237 sive
514 3188 546 3237 ab
559 3188 615 3236 aliis
628 3188 766 3250 Apostolis3
779 3188 831 3236 sive
843 3187 858 3236 i
871 3199 913 3236 mc
923 3185 1049 3243 fundatis.

132 3265 189 3314 Nisi
205 3263 271 3325 quod
285 3275 329 3324 epo
348 3263 402 3325 ipse
416 3276 465 3311 non
478 3263 594 3324 procaci.
605 3261 648 3311 Gr.
661 3274 712 3310 non
723 3260 930 3323 obtorpuivobis.
942 3261 1001 3324 Syr.
1012 3264 1107 3314 nisiin
1118 3263 1164 3315 ltoc

101 3332 169 3396 quod
180 3344 232 3380 non
243 3330 333 3379 luerim
347 3330 417 3380 vobis
433 3333 513 3380 oneri.
525 3331 586 3380 Vide
598 3343 653 3392 cap.
665 3334 703 3390 ti,
716 3343 743 3378 n.
756 3334 781 3379 9.

131 3400 184 3449 Nisi
199 3397 266 3460 quod
279 3399 355 3460 gratis
368 3399 535 3462 evangelizavi
549 3398 635 3458 vobis,
647 3397 712 3447 nihil
724 3398 739 3446 a
754 3396 828 3464 vobis
843 3398 937 3461 aocepl.
956 3399 1066 3450 Ceterae
1080 3399 1163 3451 Recte<

101 3471 154 3521 sice
167 3469 320 3532 earpoliaoi,
329 3469 401 3519 vobis
413 3471 541 3532 servient,
552 3481 606 3531 cap.
619 3472 657 3528 ii,
670 3480 697 3516 u.
709 3470 733 3516 8.
997 3483 1000 3487 ’

132 3544 228 3594 Donate
242 3541 336 3592 mihi...
349 3542 375 3592 Si
389 3544 421 3592 stt
434 3545 546 3606 injuria,
560 3541 627 3590 hanc
638 3539 703 3590 mihi
716 3538 865 3590 condonate.

130 3610 214 3661 lronl'a
226 3609 298 3660 valdo
308 3623 430 3674 pungens.

132 3679 233 3729 Utinam
245 3678 319 3729 multi
330 3684 430 3743 possent
440 3680 471 3731 cd
484 3683 536 3731 uti!
547 3683 572 3730 et
589 3680 617 3727 iu
631 3677 681 3728 hoc
691 3675 766 3727 unice
782 3680 903 3740 peccent,
915 3678 985 3740 quod
995 3678 1075 3743 gratis
1087 3690 1163 3730 mett-

101 3745 206 3808 geilzent
217 3751 243 3797 et
256 3746 375 3799 Ecclesia
386 3750 440 3799 suls
452 3746 594 3810 sumptibus
605 3747 727 3796 serviant!
994 3758 997 3763 ·

135 3835 172 3961 ιῖ.
185 3836 331 3952 detulerim
353 3835 407 3887 ltoc.
425 3835 533 3886 (innon
548 3833 601 3893 est,
613 3829 667 3889 icoc.
686 3830 741 3900 Syr.
755 3842 815 3882 ecce
829 3833 884 3892 jam
895 3832 970 3887 tertio
981 3839 1087 3899 paratus
1104 3843 1162 3885 sum

103 3913 152 3965 reo
162 3914 207 3963 re,
220 3913 233 3952 e
261 3938 268 3952 .
