2512 4424
154 297 208 349 486
450 292 657 348 aristeum
675 293 726 347 ab
743 288 923 346 daunais
957 240 970 265 ο

154 391 226 450 qnasi
242 386 381 448 columnae,
401 386 500 437 dextras
522 389 595 437 nohis
614 387 753 446 dederunt,
776 355 1211 450 lacobus,etcephaa,ettoan·

154 458 253 518 hocque
269 457 383 520 symbolo
405 470 451 506 nos
469 457 588 517 collegas,
606 461 631 505 ct
649 460 675 505 ia
692 468 754 517 apo·
777 478 827 516 nes
845 463 893 529 qui
907 456 1212 515 videbanturpolumnoe

154 526 247 576 stolata
268 528 349 575 socios
366 537 425 574 suos
445 529 603 584 agnoverant
616 529 642 573 et
654 535 755 584 recepe-
777 554 851 604 esse,
869 539 979 592 dextras
995 534 1136 588 dederunt
1151 531 1212 584 mppr

155 602 217 644 ruat
233 613 240 642 e
258 607 350 656 nempe
375 597 407 676 nt«
425 592 566 676 apostolatu
590 592 754 654 fungeremur
777 618 948 670 effimabae
958 612 1212 677 sociemfflpm

155 667 222 714 inter
235 663 344 724 Gentes,
362 666 409 725 ipsi
426 664 486 712 rard
503 666 569 712 mter
583 662 691 712 Judaeos.

776 695 806 746 in
818 695 934 756 Gentes,
948 691 1002 758 ipsi
1016 694 1112 743 autem
1121 688 1152 741 iu
1162 686 1212 742 cir·

777 771 987 823 cumcisionem.

187 843 237 892 liae
251 840 352 892 tantum
367 841 453 890 addita
468 840 627 900 conditione,
644 845 673 890 ut
689 851 755 902 pan-
811 851 857 900 10,
873 844 991 899 'famam
1013 848 1046 897 ur
1064 855 1213 910 pauperum

154 923 244 973 perram
259 913 302 972 qui
317 913 377 958 sunt
392 909 535 969 inludaea,
549 922 674 959 memores
689 921 756 958 esse-
778 938 917 977 memores
956 936 1108 987 essemus,
1144 919 1212 988 qood

60 1004 63 1008 ι
154 991 231 1038 rnus;
245 977 271 1027 id
287 981 340 1037 est,
356 981 507 1038 rogaverunt
525 990 588 1037 nos,
606 983 634 1026 ut
648 977 756 1058 elecmo-
778 999 1054 1056 etiamsofficimsmi
1064 999 1212 1066 meipsum
1239 1035 1243 1045 Ι

155 1061 230 1110 aynae
253 1050 319 1096 inter
342 1052 428 1108 gentes
453 1046 645 1107 colligeremus,
663 1046 755 1108 quihus
779 1081 791 1132 s

154 1117 298 1167 ludaeorum
312 1118 397 1178 inopia
411 1115 656 1165 sublevareturehoc
669 1121 755 1165 autem
788 1095 878 1134 ‘were'

154 1184 277 1246 lldeliter,
290 1189 314 1234 et
326 1184 432 1234 sollicite
446 1185 592 1248 adimpleri.

185 1336 214 1386 b.
227 1339 303 1385 etiam
319 1335 412 1384 Paulas
423 1338 448 1384 et
463 1334 572 1383 liebraeis
581 1333 735 1395 praedicarit,
749 1338 778 1383 ut
789 1337 858 1397 patet
872 1346 902 1383 ex
912 1335 986 1395 epist.
999 1331 1031 1381 ad
1051 1330 1214 1387 hebraeam

155 1405 303 1466 adimpleret
318 1404 385 1464 quod
396 1403 427 1451 de
444 1402 486 1452 illo
502 1403 624 1451 Dominus
635 1401 697 1451 dixit
709 1402 822 1455 Ananiae.
836 1403 884 1452 Vua
898 1402 1023 1452 electionis
1036 1407 1072 1450 eat
1081 1401 1148 1451 mihi
1158 1401 1212 1453 iate.

155 1481 184 1523 ut
198 1481 279 1535 portat
293 1488 381 1522 nomen
392 1486 475 1523 meum
493 1486 579 1522 eorem
590 1473 706 1532 repibus,
718 1473 849 1533 pentibus,
861 1478 883 1521 et
891 1472 956 1535 illita
974 1470 1063 1520 lauet.
1074 1469 1132 1521 aet.
1142 1473 1166 1522 a.
1179 1471 1211 1519 li.

186 1543 234 1592 Sed
246 1546 273 1591 in
284 1543 332 1591 hoc
344 1545 436 1591 mirare
447 1543 490 1591 bei
500 1543 638 1591 honitatem
650 1577 656 1599 ,
667 1545 692 1591 et
701 1544 728 1591 in
740 1542 875 1592 hominurn
884 1542 1059 1604 oppositorum
1070 1538 1153 1592 salute
1161 1551 1214 1604 pro·

156 1612 268 1662 curanda
280 1611 411 1674 providam
425 1611 592 1660 uoluntatem.
1207 1614 1210 1620 '

185 1680 248 1742 Quia
267 1681 375 1730 ludaia
391 1680 512 1730 Gentibus
529 1680 678 1730 naturaliter
691 1679 874 1747 abhorrebant,
893 1682 918 1729 et
937 1681 997 1741 qula
1017 1674 1113 1730 Paulus
1128 1677 1214 1730 iudeis

155 1754 209 1800 erat
219 1763 306 1799 exosus
313 1770 320 1811 ;
333 1749 393 1799 hinc
405 1750 470 1798 Deus
481 1751 553 1810 quasi
565 1749 700 1799 hominum
712 1749 855 1798 infirmitati
866 1761 919 1799 sese
932 1748 1144 1808 accommodans,
1153 1746 1213 1796 Petri

155 1824 181 1868 ct
195 1819 265 1868 Pauli
283 1832 371 1881 operas
387 1820 495 1881 partitur
508 1817 576 1881 (non
592 1822 678 1867 tamen
690 1818 894 1879 jurisdictionem
907 1820 933 1866 et
944 1814 1113 1880 potestatem)
1127 1835 1134 1865 a
1148 1815 1214 1865 Petro

155 1890 261 1941 credidit
274 1889 440 1952 apostolatum
453 1889 655 1938 circumcisionis
662 1907 670 1949 ;
683 1887 761 1937 Paulo
774 1892 859 1937 autem
877 1888 1129 1937 incircumcisorum.

185 1959 249 2008 ilinc
260 1958 340 2007 diseat
352 1957 486 2020 praelatus,
500 1961 584 2019 pastor
597 1959 742 2006 animarum
753 1992 760 2015 ,
773 1956 816 2004 liei
833 1957 966 2016 minister,
982 1954 1146 2008 subditorum
1158 1964 1214 2004 sno·

156 2040 213 2077 rum
225 2026 300 2077 saluti
309 2027 445 2087 prudenter
456 2026 619 2087 incumbere,
632 2025 681 2074 illis
692 2037 744 2074 non
760 2024 902 2085 dominari,
915 2023 960 2074 sed
978 2025 1053 2075 suavi
1064 2026 1094 2075 οῖ’
1102 2021 1213 2088 prudenti

155 2097 277 2145 charitate
290 2095 345 2144 illos
356 2108 450 2154 rogere.
482 2116 484 2121 ·

186 2173 291 2219 Dextrae
303 2171 420 2218 dederunt
432 2170 585 2219 societatis...

185 2237 274 2287 hlirarc
286 2242 311 2285 ct
325 2237 500 2298 Apostolorum
519 2237 697 2296 concordiam,
714 2251 766 2286 non
785 2239 812 2286 in
829 2236 943 2286 doctrina
961 2235 1084 2297 mutum,
1100 2235 1179 2286 sedet
1190 2237 1213 2285 ln

156 2319 288 2369 operarum
300 2319 404 2354 suarum
415 2309 558 2368 partitione.
573 2307 652 2355 Unici
664 2307 796 2355 collatione
807 2305 958 2355 charitativi
969 2306 1122 2367 extinguunt
1135 2307 1214 2355 omnia

157 2377 286 2424 nascentia
302 2374 420 2434 dissidia,
432 2377 558 2436 totiusque
575 2375 663 2423 mundi
676 2375 783 2424 salutem
795 2377 942 2436 procurant.
955 2372 1022 2433 Quot
1032 2373 1102 2422 mala
1112 2376 1213 2432 vitaret,

156 2448 266 2514 quotque
276 2444 341 2493 bona
352 2449 498 2504 procuraret
514 2445 662 2494 charitativa
674 2447 849 2493 ministrorum
863 2443 906 2492 Dei
918 2442 1072 2492 concerdial
1085 2442 1214 2506 concordes

156 2519 240 2561 autom
260 2513 330 2561 hrcvl
352 2512 446 2572 lorent,
464 2515 485 2561 si
507 2513 549 2561 bei
568 2513 689 2574 gloriam,
706 2513 889 2572 hominumque
912 2510 1021 2559 salutem
1042 2510 1214 2561 tantummodo

155 2582 263 2642 vellent,
276 2586 301 2631 et
312 2594 369 2642 quaa
381 2595 426 2630 saa
438 2586 497 2630 sunt
509 2595 560 2630 non
573 2586 722 2642 quaererent.
735 2581 754 2630 0
767 2580 832 2629 Deus
841 2581 924 2642 pacis!
936 2581 1055 2640 extingue
1067 2583 1095 2630 in
1106 2582 1159 2631 tuis
1172 2582 1214 2631 rul-

155 2654 241 2702 nistris
252 2664 327 2701 omne
338 2651 486 2701 dissidium!
499 2651 587 2700 blieus
601 2653 723 2702 charitas!
736 2663 780 2699 ure
794 2663 836 2699 cor
850 2655 872 2698 et
881 2663 951 2699 renea
964 2656 1064 2700 nostroe
1076 2651 1115 2700 tui
1125 2642 1214 2700 ament

155 2719 225 2782 ipae!

187 2807 223 2853 ld.
238 2802 343 2851 Tontdm
352 2807 380 2850 ut
394 2815 566 2863 pauperem...
576 2803 642 2851 hanc
652 2801 752 2850 tantiam
762 2800 933 2850 conditionem
943 2800 1152 2863 addiderunt,ut
1161 2813 1213 2865 pau·

155 2885 256 2934 perum,
269 2873 312 2932 qrri
326 2874 352 2919 in
364 2872 450 2920 ludaea
467 2877 544 2931 sunt,
561 2874 673 2934 inopiam
685 2871 873 2920 sublevaremus
886 2870 1056 2935 eleemosynis
1075 2875 1142 2923 lnter
1153 2871 1213 2923 uen-

154 2942 210 2989 tllcs
221 2940 340 2989 collectis.

186 3009 264 3058 ludaei
276 3008 409 3055 Christiani
420 3007 641 3071 lucrant,propter
654 3010 728 3059 tidem
738 3048 744 3069 ,
754 3010 827 3058 bonis
839 3011 891 3058 suls
905 3008 1016 3072 spoliati.
1026 3009 1091 3060 Heh.
1105 3013 1150 3071 105
1158 3008 1213 3059 adde

154 3076 221 3135 quod
235 3077 320 3124 omnia
335 3073 501 3135 reliquerant,
515 3081 543 3124 ut
560 3078 586 3125 iu
603 3079 670 3126 Actis
686 3079 787 3128 dicitur.

186 3143 249 3190 ilinc
261 3143 347 3203 collige
365 3143 431 3202 qnod
442 3145 550 3194 charitas
567 3148 592 3194 in
605 3160 726 3209 pauperes
738 3149 771 3195 sit
786 3146 917 3208 apostolici
930 3149 1049 3198 muneris
1062 3161 1123 3212 pars
1136 3159 1213 3198 essen·

154 3210 221 3258 tialis
237 3215 262 3257 et
274 3211 432 3260 indivisibilis
446 3231 452 3258 ι
464 3225 508 3261 seu
522 3214 554 3261 ad
567 3227 653 3263 omnes
665 3228 766 3276 prorsus
778 3216 909 3277 Apostolos
919 3219 1033 3265 attinens
1045 3220 1132 3278 ‚juxta
1144 3217 1213 3266 Theo·

155 3278 264 3341 phylacti
274 3285 358 3327 notam
369 3299 374 3326 ε
385 3280 589 3341 pradicationem
598 3282 786 3343 dividebamus,
797 3285 880 3344 inquit
887 3283 991 3344 Paulus,
998 3296 1127 3348 pauperes
1135 3292 1212 3336 autem

155 3348 278 3396 indivisos
296 3348 467 3398 habebamus:
482 3351 693 3413 Theophylartus.

185 3416 271 3465 Videat
284 3430 341 3478 ergo
357 3418 531 3479 apostolorum
547 3433 673 3470 successor
684 3421 809 3482 quomodo
821 3421 881 3471 huic
896 3423 998 3470 muneri
1012 3426 1097 3472 vacet.

189 3492 260 3549 Quod
271 3492 346 3540 etiam
361 3493 483 3542 sollicitus
498 3493 567 3556 sui...

185 3559 210 3608 Si
220 3559 312 3609 Paulus
322 3564 498 3622 pauperrimus
506 3568 544 3613 tot
553 3563 717 3627 eleemosynis
730 3577 852 3627 pauperes
866 3563 965 3624 adjuvit
975 3584 982 3625 ς
993 3565 1057 3626 qnid
1071 3565 1208 3629 apuam.

155 3627 215 3689 quid
229 3628 293 3677 alius
305 3629 348 3678 liei
361 3632 490 3692 minister,
504 3644 644 3694 pauperum
656 3633 728 3681 honis
739 3632 809 3680 dives
820 3670 826 3692 ,
839 3632 922 3681 iacere
934 3646 986 3681 nou
1002 3633 1110 3684 debeat!

184 3697 222 3747 Ex
242 3697 372 3759 hucusque
394 3699 468 3749 dictis
484 3706 562 3750 restat
578 3701 779 3750 concludendum
796 3701 864 3762 quod
881 3701 953 3750 Pauli
972 3703 1091 3753 doctrina
1112 3705 1145 3755 sit
1160 3697 1208 3752 rere

154 3766 287 3828 apostolica
301 3772 326 3816 et
339 3768 512 3830 apostoloram
526 3768 646 3819 doctrina
659 3771 811 3830 conformis3
822 3774 864 3830 et,
875 3775 904 3819 ut
918 3771 991 3831 talis,
1003 3773 1036 3822 ab
1048 3773 1099 3824 illis
1113 3776 1141 3823 ln
1156 3781 1207 3822 con·

154 3834 213 3883 cilio
229 3834 438 3897 ierosolymitano
449 3839 584 3898 approbata
599 3857 605 3886 ε
619 3839 677 3887 edm
690 3850 736 3887 nec
748 3837 834 3887 'litam
849 3841 999 3889 circumcidi
1017 3845 1160 3904 exegerint3
1169 3848 1207 3888 net

154 3903 291 3964 qrridqnam
312 3907 339 3953 in
356 3903 491 3964 Evangelio
508 3905 579 3956 Pauli
600 3908 774 3970 immutatum,
789 3907 848 3959 edm
858 3944 865 3970 ,
877 3909 892 3960 d
905 3913 1015 3972 eontra,
1032 3911 1107 3963 illum
1120 3913 1206 3972 inape

158 3970 263 4022 stouras
275 3976 370 4025 socium
383 3975 529 4036 receperint.
