2512 4424
325 234 494 294 thiecurt
512 243 734 300 nivosum.
755 250 836 303 cit.
857 253 907 302 lii.
1093 253 1146 307 tit

83 325 219 394 Aliequin
252 331 329 386 telin
353 335 529 401 insipientem
581 335 651 396 Quid
663 341 683 388 sl
696 345 781 390 nmen
792 342 841 392 idi
851 343 923 393 vobis
931 355 983 393 uon
994 342 1091 395 raleaor
1105 345 1148 397 ob·

83 406 205 472 accipite
218 421 278 473 me,
551 406 644 464 tinere,
658 412 687 457 ut
701 411 861 473 insipientem
871 423 913 460 me
923 413 1041 475 accipiter

82 482 159 610 r[linet
171 496 223 550 ego
239 486 381 541 modicum
391 489 460 556 quid
469 488 529 558 glo-
580 497 612 546 Et
622 495 684 547 ieris
695 504 724 548 ut
732 503 853 566 tantisper
866 503 965 565 glorier.

117 638 164 687 il.
174 637 255 699 Quod
275 639 392 706 loquor,
405 655 463 693 nen
482 643 527 694 lo·
580 641 651 702 Quod
662 644 689 692 tn
704 641 752 694 hac
764 643 918 706 gloriationis
929 652 1035 698 materta
1051 650 1148 712 loquor,

80 727 156 778 quor
179 715 335 769 secundnm
357 721 461 784 Deum,
476 720 525 772 sed
549 713 570 759 si
589 711 665 760 verba
684 715 812 774 spectetis,
834 727 885 764 non
905 714 993 778 loquor
1007 718 1147 768 secundini

80 791 164 855 quasi
182 792 211 844 in
231 793 407 861 insipientia,
428 796 457 849 i„
473 797 525 850 hac
548 779 627 827 ileum
643 798 649 827 r
663 778 739 828 hahet
758 781 828 828 enirn
841 780 953 832 stultitia
964 785 1072 846 speciem
1083 805 1091 847 t
1102 787 1146 836 sed

79 867 239 922 substantia
251 869 355 936 3105ae⁴
547 849 567 894 si
581 849 697 896 animum
712 850 737 896 st
747 847 896 898 charitatem
907 854 1022 911 spectetis
1034 890 1041 913 ,
1054 865 1147 903 seeun-

546 914 609 964 ddm
621 916 700 965 ileum
712 915 819 978 loquor,
831 930 864 966 ne
875 918 971 969 scillcet
989 921 1081 971 Christi
1097 924 1147 973 mi-

547 986 627 1102 nistr?
645 989 789 1048 contempto
799 1021 807 1046 ,
818 986 965 1045 edhaercatis
980 989 1079 1040 &unu
1095 993 1147 1040 ml-

546 1066 587 1102 urs
599 1066 611 1102 r
622 1066 634 1102 s
643 1073 650 1104 ε

111 1205 147 1255 Ne
164 1205 222 1267 potis
240 1217 281 1254 mc
292 1212 391 1268 potet...
405 1219 453 1257 nec
466 1211 597 1271 prepterea
609 1211 666 1270 qais
684 1221 725 1260 me
737 1216 809 1274 patet
822 1212 999 1274 insipientem,
1014 1225 1061 1263 uec
1074 1215 1143 1263 euim

79 1274 166 1336 iringo
178 1277 234 1324 sine
246 1277 358 1332 ratione,
371 1277 414 1326 sed
425 1277 457 1325 oh
471 1289 583 1327 eausam.

110 1341 193 1392 Stulta
210 1342 315 1403 quidem
332 1355 373 1392 res
386 1348 424 1393 est
441 1344 560 1406 gloriari:
579 1358 624 1408 ego
636 1346 697 1396 verd
713 1358 764 1395 nou
778 1351 807 1396 ut
817 1347 922 1399 stolidus
935 1350 984 1399 hoc
997 1349 1080 1411 iccio,
1098 1351 1142 1400 sed

78 1415 191 1461 coactus.
210 1411 239 1460 ii.
254 1410 456 1473 chrysostomus.

109 1485 232 1546 Alioquin
244 1485 314 1534 celos
327 1485 513 1547 insipientem...
525 1486 592 1549 qudd
610 1489 630 1535 sl
650 1490 735 1536 tamen
748 1488 790 1548 ld,
811 1489 878 1549 quod
891 1490 906 1539 i
921 1485 992 1542 ¹vohis
1004 1496 1076 1553 peto,
1089 1505 1141 1542 non

76 1555 173 1616 possim
187 1553 303 1603 obtinere
311 1574 319 1614 3
332 1559 360 1604 ut
371 1557 532 1617 insipientem
551 1557 657 1618 accipite
676 1569 733 1616 me,
750 1560 775 1605 et
789 1560 913 1620 patienter
927 1564 1064 1622 sustinete;
1082 1567 1141 1612 tuu-

77 1624 135 1673 trim
146 1627 176 1673 ut
188 1622 254 1672 mihi
265 1625 387 1686 tantisper
398 1623 472 1675 liceat
483 1624 592 1687 gloriari.

109 1692 156 1742 iiie
167 1705 258 1743 sensns
269 1692 391 1743 naturalia
409 1697 463 1753 est,
481 1707 528 1743 nec
547 1696 630 1756 primo
641 1692 719 1754 hujus
734 1697 822 1756 cupitis
838 1700 922 1746 versut
934 1699 1099 1760 contradicit,
1111 1705 1140 1748 ut

77 1764 152 1823 putat
173 1764 264 1810 auctor
288 1764 443 1819 neotericus,
467 1763 511 1822 qai
531 1759 604 1821 vult,
623 1761 667 1810 hic
683 1762 715 1812 ab
737 1762 853 1824 Apostolo
871 1768 1000 1816 retractari
1021 1766 1088 1828 quod
1108 1768 1140 1816 alr

76 1831 150 1878 initio
170 1828 244 1878 dixit.
263 1828 377 1890 illucque
395 1828 544 1892 particulam
557 1828 647 1889 πάλιν,
664 1833 717 1892 ipse
737 1830 818 1892 solus,
835 1833 1065 1883 contradicentibus
1083 1847 1139 1884 om·

77 1897 155 1949 nihos
168 1899 276 1947 omuino
294 1900 468 1958 versionibus,
485 1901 511 1948 et
530 1898 708 1960 interpretibus
728 1898 820 1949 Grecis
839 1903 864 1948 et
882 1901 996 1961 induis,
1018 1901 1073 1953 ruit
1088 1916 1140 1951 non

77 1965 237 2026 signiticare,
250 1966 359 2027 iterim,
374 1967 404 2016 de
420 1978 550 2027 ooooeoo,·
569 1965 612 2015 sed
623 2001 630 2026 ,
642 1966 656 2016 d
669 1971 772 2026 contra,
785 1979 829 2016 scu
844 1974 897 2018 tout
912 1982 947 2018 ors
964 1971 1141 2034 connoire‚je

76 2047 119 2083 me
128 2034 245 2084 retracte.

110 2101 239 2163 Quidquid
251 2104 285 2151 sit
299 2102 331 2151 de
349 2102 399 2153 hac
412 2102 481 2152 notio
495 2104 678 2166 argnticattoae
694 2107 722 2155 in
740 2118 843 2169 genere,
863 2108 923 2159 sane
946 2108 989 2159 illa
1006 2109 1067 2160 huic
1085 2111 1140 2163 ioco

77 2183 132 2289 3⁰1¹}
149 2173 287 2233 eonvenit;
297 2172 365 2222 idem
378 2175 448 2224 enlm
459 2176 487 2224 iu
498 2186 526 2225 rc
535 2187 606 2225 nunc
616 2175 679 2224 dicit
694 2174 843 2238 Apostolus,
854 2178 921 2240 qnod
930 2181 959 2228 ln
971 2181 1053 2242 primo
1066 2192 1140 2233 versu

95 2242 105 2290 i
130 2243 152 2289 t.

110 2310 147 2359 ihi
167 2311 341 2373 insipientiam
363 2314 464 2361 vocarit
482 2310 600 2373 gloriari,
619 2314 679 2374 qula
694 2313 803 2377 speciem
823 2315 898 2367 hahet
924 2319 1091 2381 insipientie,
1113 2327 1139 2369 et

77 2381 204 2442 insipiens
219 2378 320 2428 ridetur
337 2381 384 2440 tis,
398 2383 442 2441 qul
458 2393 561 2430 causam
577 2383 703 2441 Ignorant.

109 2449 157 2497 illc
175 2450 264 2497 autem
278 2450 350 2508 rogat
369 2453 418 2509 ut,
440 2452 541 2512 propter
560 2449 627 2499 hanc
643 2453 794 2513 insipientie
814 2454 941 2514 speciem,
962 2466 1013 2504 non
1039 2460 1142 2518 putetur

79 2519 219 2579 insipiens,
230 2515 258 2565 id
270 2519 324 2576 est,
340 2516 398 2566 vere
410 2518 550 2580 insipieus;
567 2520 627 2578 qula
645 2518 672 2569 id
691 2531 744 2569 non
758 2522 811 2582 agit
827 2523 975 2584 insipienter
988 2525 1014 2571 et
1030 2526 1088 2573 siue
1100 2537 1141 2573 ra-

78 2588 158 2635 tione.
1025 2626 1026 2630 ,

110 2653 183 2715 Quod
194 2655 216 2703 sl
227 2657 314 2703 tamen
325 2653 358 2703 uh
369 2657 405 2704 eis
415 2667 468 2704 nou
478 2659 560 2718 potest
569 2657 682 2705 obtinere
695 2657 721 2705 id
731 2656 799 2717 quod
813 2658 898 2718 rogat,
911 2657 1026 2707 concedit
1035 2663 1064 2707 ut
1072 2659 1139 2709 velut

78 2726 244 2787 insipientem
258 2724 342 2785 ipsum
357 2725 483 2787 accipiant
493 2744 501 2784 ;
520 2725 657 2774 dummodo
677 2724 778 2787 gloriari
796 2728 944 2787 permittant
963 2745 970 2775 ι
991 2727 1066 2789 idque
1079 2741 1142 2777 con-

78 2793 148 2844 cedit
160 2791 364 2855 sapientissime,
379 2795 486 2855 proximi
502 2796 541 2842 sui
559 2794 666 2843 salutem
682 2807 733 2843 sue
751 2796 857 2857 proprie
872 2793 946 2846 iamae
957 2796 1145 2858 anteponenda-

109 2864 140 2913 lu
151 2863 194 2912 his
209 2874 267 2923 ergo
283 2862 444 2924 verhlspatet
454 2866 479 2912 et
490 2863 621 2913 humilitas
632 2869 657 2913 et
671 2863 780 2913 charitas
791 2863 911 2926 Apostoli.

109 2932 262 2989 iiumiiitus,
276 2933 437 2982 mcumtione
453 2934 527 2983 toties
545 2933 635 2984 iterati
649 2952 656 2982 ι
673 2933 782 2983 ostendit
802 2932 862 2982 saud
875 2933 952 2994 quim
970 2935 995 2982 et
1009 2934 1104 2984 inritus
1117 2940 1142 2984 et

77 3004 184 3053 coactus
201 2999 330 3061 gloriatur.

109 3069 243 3127 Charitas,
262 3068 330 3116 hanc
349 3069 475 3118 internum
495 3067 669 3118 contusionem
688 3081 778 3128 suam,
799 3067 851 3117 lmd
864 3071 889 3117 et
902 3070 1034 3117 externum
1053 3068 1143 3121 Coriu-

78 3136 196 3188 ihiorum
207 3140 339 3199 propterea
350 3139 539 3200 contemptum,
551 3139 696 3186 animarum
711 3136 786 3185 saluti
804 3135 978 3185 sacrificando.

112 3223 151 3268 ii.
168 3219 243 3278 Quod
255 3218 375 3279 loquor...
391 3217 483 3268 fatetur
500 3218 567 3281 quiid
580 3220 662 3280 specie
677 3221 752 3266 tenus
764 3223 788 3267 et
799 3222 947 3280 apparenter
966 3228 1017 3265 nou
1031 3221 1088 3278 agat
1102 3230 1137 3266 se

80 3288 197 3338 cuudtlm
207 3287 301 3337 Christi
312 3286 472 3348 doctrinam,
488 3290 532 3349 qul
546 3300 592 3357 nos
603 3285 773 3335 humilitatem
785 3285 856 3335 iactis
870 3289 895 3334 et
904 3285 987 3333 verhis
997 3284 1100 3344 docuit,
1114 3289 1142 3333 ut

78 3360 132 3419 jam
144 3356 244 3405 dictum
256 3359 294 3404 est
309 3356 336 3404 ln
348 3358 538 3405 commentario.
550 3369 577 3404 n.
598 3361 620 3404 i.

114 3431 189 3490 Quod
210 3432 237 3479 in
256 3429 306 3478 hoc
319 3429 473 3490 gloriationis
494 3431 641 3491 argumento
659 3428 763 3491 loquor,
776 3429 797 3476 si
813 3427 888 3475 verbu
909 3428 1026 3492 spectetis
1042 3427 1141 3475 tuutdrn

81 3505 184 3549 externa
195 3536 203 3559 ,
214 3512 266 3547 noe
277 3498 367 3559 loquor
376 3499 511 3550 secundolae
525 3501 619 3556 Deum,
632 3499 741 3559 speeiem
752 3498 821 3546 euim
834 3496 928 3550 hahent
939 3496 1090 3556 insipientie
1101 3514 1108 3552 ;
1121 3497 1141 3542 si

81 3569 141 3620 vcrh
154 3571 273 3619 animum
287 3570 403 3629 spectetis
415 3573 440 3617 et
453 3570 587 3618 verborum
599 3579 703 3627 scopum
716 3603 722 3624 ,
734 3565 869 3614 secondom
879 3567 959 3614 Deum
972 3565 1070 3624 loquor.

111 3638 149 3687 En
161 3637 286 3687 charitate
298 3637 367 3684 enlm
386 3634 489 3696 loquor;
507 3641 533 3686 et
550 3649 580 3685 ex
593 3637 740 3683 necessitate
753 3645 794 3681 me
808 3631 899 3692 laudo;
921 3644 953 3680 ne
972 3643 1033 3689 rna,
1050 3628 1140 3676 Christi

82 3707 200 3757 ministro
212 3706 371 3764 contempto,
384 3704 491 3753 credatis
502 3707 527 3752 et
537 3703 685 3752 adhaereatis
700 3702 797 3752 &tante
817 3701 948 3755 ministris.

112 3774 164 3837 ligo
182 3775 335 3837 apparenter
354 3774 442 3820 contra
454 3771 642 3829 humilitatem,
661 3781 717 3830 que
731 3773 768 3819 cst
785 3767 995 3829 retemptando,
1007 3770 1140 3822 quamnos

84 3843 148 3896 licus
159 3857 204 3908 per
216 3843 347 3893 Christum
358 3840 460 3891 docuitr
473 3840 534 3890 hine
546 3839 741 3889 conreconditor
758 3840 835 3888 Deum
852 3835 948 3896 loquor.
1057 3895 1063 3906 ι

114 3916 162 3966 Sed
181 3913 209 3965 ld
223 3913 320 3962 invitus
331 3922 377 3972 ago
395 3913 420 3960 et
430 3922 461 3961 cs
471 3909 594 3962 charitato
606 3927 612 3957 r
623 3908 746 3969 iringum
763 3907 928 3976 insipienter,
942 3899 984 3948 sed
995 3906 1065 3957 quast
1078 3894 1140 3947 last·
