2512 4424
98 247 152 298 ‘250
396 248 595 302 Epistola
614 251 663 301 Ab
679 248 859 302 Galatas

98 458 1109 507 0000numm·mmmuummmunmmumoomnmom·

280 695 538 777 ANALYSlS
566 695 774 777 CAPlTlS
803 696 972 777 SEXTI.

98 1036 277 1135 Ouarnus'in
290 1096 392 1149 genere
403 1082 564 1136 charitatem
576 1084 725 1150 Apostolus
737 1082 877 1137 consuluit
893 1083 923 1135 in
935 1081 1035 1148 quinto
1047 1081 1144 1146 capite,

98 1165 125 1232 i.
139 1169 191 1229 153
205 1164 251 1217 hic
264 1165 292 1216 in
305 1166 408 1230 specie.

133 1251 172 1300 hc
182 1248 274 1313 primo
296 1261 378 1300 versu
399 1250 545 1314 praelatos,
559 1250 731 1317 spirituales,
744 1250 775 1302 in
789 1249 845 1302 fide
856 1254 1016 1301 constantes
1031 1246 1147 1299 hortatur

68 1383 71 1388 .
97 1339 129 1384 ut
139 1333 232 1398 lapsos
242 1331 363 1398 benigne
371 1331 523 1402 corrigant,
537 1340 640 1386 etcum
652 1333 806 1386 humilitate
817 1334 936 1398 erigant,
947 1343 1088 1383 memores
1097 1342 1148 1381 suae

96 1415 218 1480 propriae
231 1413 409 1467 infirmitatis.
814 1419 824 1439 ⁰

133 1498 161 1562 i.
175 1499 201 1549 2.
214 1497 271 1548 lllis
281 1497 494 1564 compatiantur.
506 1499 535 1566 ir.
548 1503 574 1551 5.
584 1499 640 1552 Nec
652 1499 689 1551 ob
699 1499 818 1551 aliorum
830 1498 940 1558 delicta,
949 1504 982 1549 ut
990 1497 1147 1557 Pharisaeus,

98 1580 152 1646 ipsi
167 1579 344 1646 superbiant,
358 1581 386 1649 i.
410 1585 437 1633 t.
457 1582 513 1634 Sed
530 1582 567 1634 ob
580 1596 695 1634 suorum
709 1588 887 1647 peccatorum
899 1595 971 1632 onus
988 1593 1084 1631 coram
1098 1582 1148 1630 Dec

97 1660 193 1728 judice
204 1663 372 1728 portandum
383 1703 391 1728 ,
403 1669 552 1718 trementes
564 1664 759 1728 humilientur,
771 1666 798 1733 i.
812 1668 839 1718 5.

132 1745 160 1813 i.
171 1748 198 1797 6.
213 1746 372 1813 Neophytos
386 1746 529 1812 hortatur,
543 1753 574 1801 ut
587 1761 653 1815 erga
662 1751 795 1802 boetores
813 1762 879 1800 suos
896 1747 1061 1800 liberalitate
1074 1747 1149 1814 grati-

97 1829 222 1881 tudinem
233 1829 361 1882 habeant.

132 1911 159 1978 ᾗ.
172 1914 199 1964 8.
216 1912 318 1965 Omnes
336 1914 473 1966 seminent
491 1914 584 1978 bona,
605 1921 637 1968 ut
654 1916 739 1968 vitam
755 1920 887 1967 aeternam
908 1920 1024 1966 metant.
1040 1915 1067 1979 i.
1080 1917 1106 1965 9.
1124 1915 1149 1963 ln

96 1993 172 2047 bono
190 1993 317 2048 faciendo
337 2010 395 2049 non
409 2009 614 2063 segnescamus.
627 1998 655 2066 i.
668 2001 713 2050 lo.
735 1998 790 2050 Sed
811 1998 878 2049 dum
893 2002 1004 2062 tempus
1017 2004 1058 2048 est
1075 1995 1150 2049 semi-

97 2078 197 2142 nandi,
211 2079 248 2130 ob
260 2093 338 2144 spem
357 2080 473 2144 messis,
485 2080 614 2146 prompte
631 2086 658 2132 et
677 2081 804 2134 alacriter
818 2081 964 2143 omnibus,
978 2086 1007 2132 at
1018 2078 1150 2146 praecipui

97 2160 224 2212 fidelibus
233 2161 448 2214 benefaciamus.

132 2243 159 2307 i.
172 2247 217 2294 ll.
235 2244 336 2295 Paulus
347 2244 497 2309 Epistolam
512 2247 653 2310 finiturus,
667 2249 764 2314 paucis
790 2253 984 2314 argumentum
1006 2245 1150 2313 principale

99 2326 134 2399 de
145 2326 206 2396 lege
222 2339 287 2400 cum
298 2329 445 2399 Evangelio
464 2343 521 2382 uon
539 2331 698 2395 miscenda,
711 2331 836 2383 resumit.
850 2332 932 2396 Urget
946 2343 1013 2396 ergo
1026 2325 1150 2381 Galatasi

98 2418 224 2472 moribus
235 2434 371 2472 novorum
388 2416 552 2486 doctorum,
566 2414 663 2486 eistide
680 2413 802 2470 ostendit
814 2413 910 2482 quales
927 2415 983 2468 sint
1000 2413 1040 2467 illi
1057 2413 1149 2464 docto·

99 2517 161 2567 res,
176 2509 202 2556 et
215 2517 272 2570 quo
283 2504 377 2556 animo
389 2505 486 2571 legalia
497 2505 630 2568 doceant,
646 2503 766 2566 scilicet,
780 2506 811 2554 ut
821 2499 925 2553 Judaeis
936 2501 1073 2567 placeant,
1090 2500 1149 2574 etot

96 2587 318 2651 persecutionem
329 2601 385 2640 non
402 2589 551 2654 patiantur.

132 2672 159 2736 i.
171 2674 216 2722 ll.
227 2671 329 2722 Paulus
340 2685 370 2723 se
382 2686 505 2738 suosque
524 2685 617 2724 mores
636 2671 738 2725 horum
753 2672 1055 2738 pseudoapostolorum
1073 2666 1150 2721 morl·

97 2754 150 2805 hus
162 2753 278 2819 opponit
292 2770 298 2805 :
311 2755 349 2805 illi
360 2754 520 2806 hominibus
536 2755 646 2820 placere
658 2755 787 2817 student,
801 2755 903 2806 Paulus
919 2755 1027 2821 despici
1038 2753 1148 2822 gaudet3

98 2837 136 2888 illi
147 2837 368 2902 persecutionem
381 2837 505 2904 lugiunt,
518 2837 618 2888 Paulus
637 2839 665 2889 in
678 2839 736 2890 sola
749 2852 832 2891 cruce
844 2838 987 2904 gloriatur.

132 2919 159 2985 Ῡ.
173 2922 217 2970 15.
230 2919 327 2971 Totins
339 2921 468 2984 Epistolae
480 2919 656 2971 corollarium
668 2920 742 2972 lacit.
754 2921 780 2988 i.
790 2923 836 2972 16.
848 2920 933 2986 Cuius
944 2921 1101 2974 doctrinam
1111 2921 1149 2974 ob

98 3002 271 3056 servantibus
281 3016 377 3070 pacem
393 3007 470 3068 optat
481 3007 508 3052 et
529 3002 757 3055 misericordiam.

133 3084 161 3150 ᾗ.
170 3089 214 3136 ll.
225 3087 325 3138 Paulus
337 3099 394 3136 non
406 3085 460 3136 vult
474 3083 527 3135 sibi
541 3083 673 3150 deinceps
686 3100 855 3151 quemquam
868 3088 905 3139 ob
917 3088 1148 3140 circumcisionem

98 3178 196 3231 parere
211 3169 384 3220 molestiam:
399 3166 464 3232 quia
478 3166 501 3217 si
521 3175 659 3232 quaesunt
678 3169 837 3234 incorpore
856 3170 1001 3222 cicatrices
1018 3170 1145 3225 terenda.

101 3248 161 3313 ipse
173 3249 225 3301 lert
242 3251 367 3317 stigmata
382 3248 492 3300 Domini
505 3249 594 3300 nostri
605 3254 669 3302 lesu
681 3251 798 3316 Christi,
813 3265 862 3304 seu
873 3253 969 3320 plagas
982 3266 1035 3321 pro
1048 3253 1145 3306 Christo

101 3331 238 3384 toleratas.
873 3341 877 3353 “

134 3413 162 3479 i.
174 3419 219 3467 18.
235 3414 355 3467 Gratiam
367 3412 466 3466 Galatis
479 3417 563 3480 optat.
