2512 4424
293 300 463 370 TRIPLEX
480 303 704 359 nxrosmro.
724 306 806 360 CAP.
826 304 893 359 vll.
1084 304 1122 360 ro

51 513 1113 548 ”mmmmmflfflm

215 693 474 819 ANALYSIS
501 695 709 778 CAPITIS
738 696 964 780 SEPTIMI.

57 1083 84 1153 y.
100 1033 212 1141 &Ex
223 1077 273 1135 nei
283 1079 469 1148 promissione
480 1079 562 1136 nobis
576 1082 605 1135 in
617 1081 672 1136 line
681 1082 779 1150 capitis
790 1082 859 1136 sexli
869 1081 956 1148 lacta,
971 1076 1049 1151 quid
1060 1066 1117 1141 'Dei

56 1166 179 1234 templa,
193 1163 250 1219 imi>
262 1163 310 1217 lilii
329 1163 432 1228 sinum,
442 1163 583 1232 poncludit
602 1167 750 1231 Apostolus
770 1165 846 1233 quod
861 1179 973 1219 omnem
984 1167 1117 1223 debemus

57 1249 173 1303 homere
185 1246 310 1315 corporis
320 1252 350 1302 et
359 1246 460 1300 animae
470 1246 692 1302 immunditiam:
706 1254 734 1303 et
748 1250 765 1302 e
781 1253 877 1302 contra
896 1247 1030 1304 debemus
1041 1252 1117 1305 omni

57 1333 171 1387 studere
183 1330 339 1394 sanctitati,
352 1334 477 1384 nostram
492 1330 738 1384 sanctificationem
757 1331 787 1385 in
804 1332 943 1398 Baptismo
960 1332 1118 1388 inchoatam

56 1415 235 1484 perficientes
245 1425 296 1479 per
310 1413 384 1466 hona
399 1425 498 1478 opera,
511 1413 539 1465 in
551 1413 625 1466 liliali
638 1414 737 1467 timore
748 1414 798 1468 liei
808 1413 888 1468 iacta.

89 1499 119 1568 y.
133 1499 162 1550 Ξ.
177 1495 277 1550 Paucis
288 1496 374 1549 multa
384 1495 495 1548 coniicit
509 1511 516 1548 ε
529 1494 566 1548 ad
577 1509 657 1549 suam
668 1496 743 1550 enim
753 1497 908 1566 apologiam
925 1498 1048 1565 rediens,
1061 1500 1116 1554 co-

57 1581 178 1636 rinthios
198 1583 278 1649 rogat
289 1584 320 1633 ut
330 1591 396 1633 eum
406 1577 436 1632 in
455 1591 506 1632 suo
518 1577 602 1633 corde
613 1579 765 1647 collocem,
775 1595 826 1636 seu
838 1582 870 1634 in
883 1581 1032 1636 amicitiam
1043 1584 1122 1638 reci-·

57 1665 145 1732 piant.
1066 1686 1070 1692 ·

90 1747 216 1802 llodeste
227 1751 321 1802 autem
331 1746 507 1815 supprimens
518 1745 640 1815 ingentia
661 1760 725 1815 quae
736 1747 766 1800 in
776 1760 825 1801 eos
836 1747 952 1800 contulit
962 1747 1114 1814 beneficia,

58 1832 94 1886 ob
110 1843 177 1899 quae
189 1831 289 1884 merito
301 1836 396 1898 posset
406 1844 504 1884 eorum
520 1829 669 1883 amicitiam
680 1830 789 1897 exigere
797 1847 806 1895 ;
814 1830 882 1896 ipsis
890 1828 998 1882 tantum
1008 1830 1114 1898 allegat,

57 1913 137 1982 quod
148 1913 218 1967 nulli
238 1927 336 1967 eorum
351 1912 447 1967 iecerit
466 1911 608 1979 injuriam,
628 1912 767 1965 neminem
781 1912 955 1979 corruperit,
975 1913 1117 1966 nemiuem

57 1995 226 2051 sauciaverit
239 2011 247 2049 ι
260 1995 362 2063 quibus
373 1994 465 2048 serbis
480 1994 778 2061 pseudoapostolorum
795 1995 861 2050 vitia
881 1988 994 2061 notins,
1013 1994 1116 2050 indicat

57 2077 224 2143 Corinthiis‚·
234 2077 312 2146 quod
327 2091 357 2132 se
373 2077 466 2145 polius
480 2077 564 2145 quim
575 2077 635 2131 illos
647 2077 766 2131 debeant
782 2078 905 2147 diligere.

92 2163 120 2232 i.
135 2165 153 2217 5
166 2166 196 2217 et
209 2165 237 2216 i.
251 2160 317 2215 Hira
328 2161 469 2216 charitatis
480 2165 553 2226 arte,
566 2161 619 2214 tria
638 2161 720 2216 simul
732 2167 853 2230 praestat.

91 2245 203 2310 Primo,
215 2244 284 2298 lenit
299 2244 377 2312 quod
387 2244 415 2312 i.
427 2247 445 2297 Ξ
458 2244 536 2298 dixit.

91 2328 238 2393 secundo,
250 2327 304 2389 sibi
320 2328 449 2382 conciliat
459 2327 608 2382 amicitiam
618 2341 703 2396 quam
713 2329 851 2396 postulat,
866 2327 959 2382 cordis
971 2327 1015 2381 sui
1025 2326 1055 2381 in
1063 2327 1117 2383 Go-

57 2412 177 2467 rlnthios
189 2409 333 2464 effusione.

92 2495 202 2560 Tertio,
216 2494 269 2548 sibl
288 2493 434 2548 transitum
452 2499 531 2562 parat
546 2494 582 2547 ad
601 2493 631 2547 id
647 2493 725 2562 quod
735 2493 861 2549 dicturus
879 2500 921 2549 est
941 2494 977 2549 de
996 2492 1114 2562 gaudio,

59 2579 136 2647 quod
147 2593 184 2633 ex
199 2591 298 2632 eorum
310 2576 504 2630 emendatione
513 2576 645 2645 percepit.

90 2664 119 2731 i.
134 2665 162 2717 5.
183 2664 340 2728 Antequam
350 2660 405 2715 hoc
418 2674 501 2714 suum
515 2660 646 2729 gaudium
660 2659 792 2726 explicet,
805 2664 950 2728 exaggerat
965 2659 1037 2712 mala
1053 2671 1117 2725 quae

58 2750 157 2803 recens
168 2746 201 2800 in
209 2744 368 2799 llacedonia
382 2758 481 2812 pessus
492 2750 552 2812 est,
566 2743 642 2797 intus
654 2748 682 2797 et
694 2742 772 2797 loris.
785 2746 881 2812 llagna
890 2741 943 2796 luit
953 2741 1093 2795 tribulatio
1106 2757 1115 2793 ε

58 2837 86 2885 at
102 2829 194 2898 maius
206 2827 348 2897 gaudium.

60 2912 62 2918 ’
90 2912 204 2978 Primo,
220 2910 258 2966 oi>
277 2909 426 2963 adrentum
442 2911 513 2977 riti,
529 2910 613 2964 Paulo
631 2909 785 2963 charissimi
797 2949 805 2977 ,
817 2909 844 2978 7.
861 2911 888 2964 6.

91 2994 240 3060 Secundo,
254 2992 291 3048 ob
302 2993 521 3047 consolationem
533 3006 619 3061 quam
637 2994 714 3046 Titus
724 2993 820 3046 habuit
831 2992 906 3060 apud
916 2990 1073 3047 mnnthios
1083 3003 1118 3045 ex

57 3093 155 3134 eorum
173 3076 350 3146 poenitentia,
372 3081 400 3130 et
419 3090 505 3145 quam
519 3077 604 3131 Panlo
620 3077 850 3143 communicavit,
867 3077 940 3132 hanc
962 3088 1060 3131 eorum
1077 3075 1117 3128 illi

56 3163 180 3218 referens
201 3160 410 3228 paenitentiam,
424 3159 453 3228 i.
468 3163 495 3212 l.

90 3247 163 3300 ilinc
175 3245 203 3314 i.
217 3247 275 3298 8et
287 3245 314 3296 e.
328 3243 443 3295 Paulum
454 3254 512 3295 non
522 3241 637 3308 poenitet
651 3241 793 3309 scripsisse
803 3259 810 3308 3
822 3243 879 3296 imo
890 3243 991 3295 Paulus
1004 3241 1115 3310 gaudet,

57 3342 113 3382 non
132 3328 169 3382 de
179 3325 388 3382 corinthiorum
399 3325 522 3392 tristitia,
535 3325 585 3379 sed
594 3326 629 3380 de
639 3339 737 3380 eornm
747 3325 927 3393 poenitentia,
941 3324 1007 3393 quia
1021 3337 1119 3380 secun

56 3410 123 3465 ddm
134 3414 234 3465 Deum.
977 3458 980 3466 .

91 3495 118 3562 i.
134 3499 180 3560 lo,
194 3497 242 3557 ll,
255 3496 310 3548 etc.
325 3490 413 3559 Hujus
424 3490 552 3544 salutaris
566 3489 735 3556 poenitenliae
747 3491 826 3560 signa
837 3496 864 3546 el
874 3489 988 3546 effectus
1002 3489 1085 3565 reiert
1107 3507 1116 3545 a

55 3583 168 3644 propter
188 3589 253 3645 quae
270 3575 431 3630 consolatur
443 3573 544 3628 Paulus
553 3590 562 3640 ς
572 3573 660 3640 ipsius
671 3575 825 3631 consolatio
842 3580 965 3644 augetur,
978 3573 1031 3626 Titi
1046 3586 1117 3627 con-

54 3661 201 3716 solatione.
806 3708 809 3729 ,

89 3743 116 3812 Ῡ.
132 3746 168 3797 15
186 3749 215 3798 et
226 3745 274 3796 16.
297 3741 375 3793 litus
394 3737 552 3793 corinthios
565 3738 687 3793 seuerius
709 3740 813 3810 diliglt3
831 3746 859 3797 et
879 3741 995 3810 deipsis
1016 3738 1117 3808 gaudet

54 3827 171 3896 Paulus,
188 3825 271 3902 quod
281 3824 388 3894 optima
398 3834 518 3894 queque
528 3826 621 3892 potest
632 3819 816 3893 inposterum
830 3825 866 3882 ab
879 3825 933 3881 iliis
946 3827 1116 3890 exspectare.
