<?xml version="1.0" encoding="UTF-8"?>
<!DOCTYPE html PUBLIC "-//W3C//DTD XHTML 1.0 Transitional//EN"
    "http://www.w3.org/TR/xhtml1/DTD/xhtml1-transitional.dtd">
<html xmlns="http://www.w3.org/1999/xhtml" xml:lang="en" lang="en">
 <head>
  <title>
</title>
<meta http-equiv="Content-Type" content="text/html;charset=utf-8" />
  <meta name='ocr-system' content='tesseract 3.04.00' />
  <meta name='ocr-capabilities' content='ocr_page ocr_carea ocr_par ocr_line ocrx_word'/>
</head>
<body>
  <div class='ocr_page' id='page_1' title='image "./epistolarumbpau01berngoog_0191.png"; bbox 0 0 2512 4424; ppageno 0'>
   <div class='ocr_carea' id='block_1_1' title="bbox 88 225 852 284">
    <p class='ocr_par' dir='ltr' id='par_1_1' title="bbox 88 225 852 284">
     <span class='ocr_line' id='line_1_1' title="bbox 88 225 852 284; baseline 0 -3"><span class='ocrx_word' id='word_1_1' title='bbox 88 230 143 282; x_wconf 75' lang='lat'><strong>182</strong></span> <span class='ocrx_word' id='word_1_2' title='bbox 386 229 588 284; x_wconf 68' lang='lat' dir='ltr'><strong>eristum</strong></span> <span class='ocrx_word' id='word_1_3' title='bbox 606 229 656 281; x_wconf 82' lang='lat' dir='ltr'><strong>Au</strong></span> <span class='ocrx_word' id='word_1_4' title='bbox 671 225 852 281; x_wconf 73' lang='lat' dir='ltr'><strong>ulteris</strong></span> 
     </span>
    </p>
   </div>
   <div class='ocr_carea' id='block_1_2' title="bbox 88 311 1146 658">
    <p class='ocr_par' dir='ltr' id='par_1_2' title="bbox 88 311 1145 589">
     <span class='ocr_line' id='line_1_2' title="bbox 88 311 1145 384; baseline -0.001 -13"><span class='ocrx_word' id='word_1_5' title='bbox 88 325 119 371; x_wconf 87' lang='lat' dir='ltr'><strong>ut</strong></span> <span class='ocrx_word' id='word_1_6' title='bbox 128 319 309 384; x_wconf 64' lang='lat' dir='ltr'><strong>delegationem</strong></span> <span class='ocrx_word' id='word_1_7' title='bbox 324 321 357 372; x_wconf 88' lang='lat' dir='ltr'><strong>ab</strong></span> <span class='ocrx_word' id='word_1_8' title='bbox 375 321 538 372; x_wconf 82' lang='lat' dir='ltr'><strong>Antiochenis</strong></span> <span class='ocrx_word' id='word_1_9' title='bbox 556 321 620 370; x_wconf 79' lang='lat' dir='ltr'><strong>niihi</strong></span> <span class='ocrx_word' id='word_1_10' title='bbox 639 320 683 369; x_wconf 92' lang='lat' dir='ltr'><strong>de-</strong></span> <span class='ocrx_word' id='word_1_11' title='bbox 706 321 773 375; x_wconf 85' lang='lat' dir='ltr'><strong>dirm</strong></span> <span class='ocrx_word' id='word_1_12' title='bbox 781 320 992 382; x_wconf 77' lang='lat' dir='ltr'>revelationem,</span> <span class='ocrx_word' id='word_1_13' title='bbox 1000 320 1031 372; x_wconf 79' lang='lat' dir='ltr'><strong>et</strong></span> <span class='ocrx_word' id='word_1_14' title='bbox 1040 311 1145 371; x_wconf 83' lang='lat' dir='ltr'><strong>eontuli</strong></span> 
     </span>
     <span class='ocr_line' id='line_1_3' title="bbox 88 387 1145 460; baseline -0.002 -22"><span class='ocrx_word' id='word_1_15' title='bbox 88 389 167 438; x_wconf 84' lang='lat' dir='ltr'><strong>latam</strong></span> <span class='ocrx_word' id='word_1_16' title='bbox 177 391 330 451; x_wconf 81' lang='lat' dir='ltr'><strong>susciperem</strong></span> <span class='ocrx_word' id='word_1_17' title='bbox 340 389 374 439; x_wconf 90' lang='lat' dir='ltr'><strong>ad</strong></span> <span class='ocrx_word' id='word_1_18' title='bbox 384 389 513 452; x_wconf 86' lang='lat' dir='ltr'><strong>Apostolos</strong></span> <span class='ocrx_word' id='word_1_19' title='bbox 525 409 532 438; x_wconf 73' lang='grc' dir='ltr'><strong>ι</strong></span> <span class='ocrx_word' id='word_1_20' title='bbox 545 393 570 438; x_wconf 90' lang='lat' dir='ltr'><strong>et</strong></span> <span class='ocrx_word' id='word_1_21' title='bbox 584 389 632 437; x_wconf 81' lang='lat' dir='ltr'><strong>lule</strong></span> <span class='ocrx_word' id='word_1_22' title='bbox 645 401 685 436; x_wconf 77' lang='lat' dir='ltr'><strong>oo</strong></span> <span class='ocrx_word' id='word_1_23' title='bbox 705 411 769 449; x_wconf 63' lang='lat' dir='ltr'><strong>cum</strong></span> <span class='ocrx_word' id='word_1_24' title='bbox 794 396 847 448; x_wconf 66' lang='lat' dir='ltr'><strong>111ss</strong></span> <span class='ocrx_word' id='word_1_25' title='bbox 866 393 1048 460; x_wconf 60' lang='lat' dir='ltr'><strong>magalim</strong></span> <span class='ocrx_word' id='word_1_26' title='bbox 1069 387 1145 459; x_wconf 76' lang='lat' dir='ltr'><strong>quod</strong></span> 
     </span>
     <span class='ocr_line' id='line_1_4' title="bbox 89 456 1038 540; baseline -0.003 -34"><span class='ocrx_word' id='word_1_27' title='bbox 89 458 190 506; x_wconf 78' lang='lat' dir='ltr'><strong>melone</strong></span> <span class='ocrx_word' id='word_1_28' title='bbox 202 456 367 518; x_wconf 70' lang='lat' dir='ltr'><strong>evangelium</strong></span> <span class='ocrx_word' id='word_1_29' title='bbox 374 471 461 507; x_wconf 88' lang='lat' dir='ltr'><strong>meum</strong></span> <span class='ocrx_word' id='word_1_30' title='bbox 472 457 572 520; x_wconf 83' lang='lat' dir='ltr'><strong>publice</strong></span> <span class='ocrx_word' id='word_1_31' title='bbox 582 456 684 519; x_wconf 85' lang='lat' dir='ltr'><strong>quidem</strong></span> <span class='ocrx_word' id='word_1_32' title='bbox 706 472 829 540; x_wconf 59' lang='lat' dir='ltr'><strong>pfaeffiw</strong></span> <span class='ocrx_word' id='word_1_33' title='bbox 842 471 872 524; x_wconf 69' lang='lat'><strong>5„</strong></span> <span class='ocrx_word' id='word_1_34' title='bbox 883 470 1038 534; x_wconf 48' lang='lat' dir='ltr'><strong>genum„</strong></span> 
     </span>
     <span class='ocr_line' id='line_1_5' title="bbox 89 526 641 589; baseline 0.002 -16"><span class='ocrx_word' id='word_1_35' title='bbox 89 526 186 574; x_wconf 76' lang='lat' dir='ltr'><strong>contuli</strong></span> <span class='ocrx_word' id='word_1_36' title='bbox 204 540 264 575; x_wconf 83' lang='lat' dir='ltr'><strong>enm</strong></span> <span class='ocrx_word' id='word_1_37' title='bbox 280 526 395 576; x_wconf 83' lang='lat' dir='ltr'><strong>fidelibus</strong></span> <span class='ocrx_word' id='word_1_38' title='bbox 407 527 622 589; x_wconf 75' lang='lat' dir='ltr'><strong>ierosolymitanis</strong></span> <span class='ocrx_word' id='word_1_39' title='bbox 633 545 641 574; x_wconf 71' lang='grc' dir='ltr'><strong><em>ε</em></strong></span> 
     </span>
    </p>

    <p class='ocr_par' dir='ltr' id='par_1_3' title="bbox 119 589 1146 658">
     <span class='ocr_line' id='line_1_6' title="bbox 119 589 1146 658; baseline 0.002 -17"><span class='ocrx_word' id='word_1_40' title='bbox 119 592 240 641; x_wconf 79' lang='lat' dir='ltr'><strong>l’rrratim</strong></span> <span class='ocrx_word' id='word_1_41' title='bbox 255 600 341 642; x_wconf 88' lang='lat' dir='ltr'><strong>autem</strong></span> <span class='ocrx_word' id='word_1_42' title='bbox 352 597 539 644; x_wconf 82' lang='lat' dir='ltr'><strong>communicari</strong></span> <span class='ocrx_word' id='word_1_43' title='bbox 555 607 615 643; x_wconf 85' lang='lat' dir='ltr'><strong>eum</strong></span> <span class='ocrx_word' id='word_1_44' title='bbox 632 595 685 655; x_wconf 88' lang='lat' dir='ltr'><strong>pri·</strong></span> <span class='ocrx_word' id='word_1_45' title='bbox 707 596 839 647; x_wconf 83' lang='lat' dir='ltr'><strong>Seorsum</strong></span> <span class='ocrx_word' id='word_1_46' title='bbox 855 600 948 646; x_wconf 84' lang='lat' dir='ltr'><strong>autem</strong></span> <span class='ocrx_word' id='word_1_47' title='bbox 962 592 998 644; x_wconf 81' lang='lat' dir='ltr'><strong>iis</strong></span> <span class='ocrx_word' id='word_1_48' title='bbox 1008 590 1060 658; x_wconf 85' lang='lat' dir='ltr'><strong>qui</strong></span> <span class='ocrx_word' id='word_1_49' title='bbox 1067 589 1146 643; x_wconf 76' lang='lat' dir='ltr'><strong>vide·</strong></span> 
     </span>
    </p>
   </div>
   <div class='ocr_carea' id='block_1_3' title="bbox 89 663 1146 737">
    <p class='ocr_par' dir='ltr' id='par_1_4' title="bbox 89 663 1146 737">
     <span class='ocr_line' id='line_1_7' title="bbox 89 663 1146 737; baseline 0.006 -28"><span class='ocrx_word' id='word_1_50' title='bbox 89 664 177 710; x_wconf 83' lang='lat' dir='ltr'><strong>mariis</strong></span> <span class='ocrx_word' id='word_1_51' title='bbox 188 663 311 723; x_wconf 87' lang='lat' dir='ltr'><strong>Apostolis</strong></span> <span class='ocrx_word' id='word_1_52' title='bbox 325 663 414 723; x_wconf 80' lang='lat' dir='ltr'><strong>Petro,</strong></span> <span class='ocrx_word' id='word_1_53' title='bbox 424 663 517 712; x_wconf 81' lang='lat' dir='ltr'><strong>lacobo</strong></span> <span class='ocrx_word' id='word_1_54' title='bbox 530 666 556 712; x_wconf 87' lang='lat' dir='ltr'><strong>et</strong></span> <span class='ocrx_word' id='word_1_55' title='bbox 568 664 683 712; x_wconf 64' lang='lat' dir='ltr'><strong>loannes</strong></span> <span class='ocrx_word' id='word_1_56' title='bbox 706 673 808 725; x_wconf 62' lang='lat' dir='ltr'><strong>hana„-</strong></span> <span class='ocrx_word' id='word_1_57' title='bbox 818 671 923 737; x_wconf 61' lang='lat' dir='ltr'><strong>aliquid</strong></span> <span class='ocrx_word' id='word_1_58' title='bbox 933 682 1013 734; x_wconf 57' lang='lat' dir='ltr'><strong>mx,</strong></span> <span class='ocrx_word' id='word_1_59' title='bbox 1026 681 1064 722; x_wconf 67' lang='lat' dir='ltr'><strong>ne</strong></span> <span class='ocrx_word' id='word_1_60' title='bbox 1076 667 1146 721; x_wconf 69' lang='lat' dir='ltr'><strong>forti</strong></span> 
     </span>
    </p>
   </div>
   <div class='ocr_carea' id='block_1_4' title="bbox 88 732 1146 861">
    <p class='ocr_par' dir='ltr' id='par_1_5' title="bbox 88 732 1146 861">
     <span class='ocr_line' id='line_1_8' title="bbox 90 732 1146 812; baseline 0.002 -36"><span class='ocrx_word' id='word_1_61' title='bbox 90 732 290 808; x_wconf 68' lang='lat' dir='ltr'><strong>eommunicari,</strong></span> <span class='ocrx_word' id='word_1_62' title='bbox 307 733 426 791; x_wconf 89' lang='lat' dir='ltr'><strong>inquam,</strong></span> <span class='ocrx_word' id='word_1_63' title='bbox 440 745 473 780; x_wconf 90' lang='lat' dir='ltr'><strong>ne</strong></span> <span class='ocrx_word' id='word_1_64' title='bbox 488 734 576 780; x_wconf 89' lang='lat' dir='ltr'><strong>irritus</strong></span> <span class='ocrx_word' id='word_1_65' title='bbox 590 736 616 779; x_wconf 89' lang='lat' dir='ltr'><strong>et</strong></span> <span class='ocrx_word' id='word_1_66' title='bbox 628 733 686 779; x_wconf 89' lang='lat' dir='ltr'><strong>inu-</strong></span> <span class='ocrx_word' id='word_1_67' title='bbox 707 750 736 801; x_wconf 67' lang='lat' dir='ltr'><strong>in</strong></span> <span class='ocrx_word' id='word_1_68' title='bbox 745 759 1035 812; x_wconf 50' lang='lat' dir='ltr'><strong>nomem,</strong></span> <span class='ocrx_word' id='word_1_69' title='bbox 1044 749 1146 799; x_wconf 61' lang='lat' dir='ltr'><strong>mm.</strong></span> 
     </span>
     <span class='ocr_line' id='line_1_9' title="bbox 88 795 781 861; baseline 0.003 -17"><span class='ocrx_word' id='word_1_70' title='bbox 88 795 142 845; x_wconf 81' lang='lat' dir='ltr'><strong>trlre</strong></span> <span class='ocrx_word' id='word_1_71' title='bbox 154 797 218 846; x_wconf 83' lang='lat' dir='ltr'><strong>foret</strong></span> <span class='ocrx_word' id='word_1_72' title='bbox 234 797 304 847; x_wconf 89' lang='lat' dir='ltr'><strong>labor</strong></span> <span class='ocrx_word' id='word_1_73' title='bbox 322 811 407 859; x_wconf 82' lang='lat' dir='ltr'><strong>meus,</strong></span> <span class='ocrx_word' id='word_1_74' title='bbox 421 804 478 848; x_wconf 88' lang='lat' dir='ltr'><strong>tnm</strong></span> <span class='ocrx_word' id='word_1_75' title='bbox 495 804 686 861; x_wconf 53' lang='lat' dir='ltr'><strong>praeustam</strong></span> <span class='ocrx_word' id='word_1_76' title='bbox 773 826 781 838; x_wconf 90' lang='lat'><strong>·</strong></span> 
     </span>
    </p>
   </div>
   <div class='ocr_carea' id='block_1_5' title="bbox 88 840 1146 1140">
    <p class='ocr_par' dir='ltr' id='par_1_6' title="bbox 88 840 1146 1140">
     <span class='ocr_line' id='line_1_10' title="bbox 88 840 867 930; baseline -0.001 -15"><span class='ocrx_word' id='word_1_77' title='bbox 88 869 245 927; x_wconf 77' lang='lat' dir='ltr'><strong>praeteritus,</strong></span> <span class='ocrx_word' id='word_1_78' title='bbox 260 869 283 916; x_wconf 91' lang='lat' dir='ltr'><strong>sl</strong></span> <span class='ocrx_word' id='word_1_79' title='bbox 298 880 390 930; x_wconf 88' lang='lat' dir='ltr'><strong>nempe</strong></span> <span class='ocrx_word' id='word_1_80' title='bbox 407 867 536 916; x_wconf 76' lang='lat' dir='ltr'><strong>calumnia</strong></span> <span class='ocrx_word' id='word_1_81' title='bbox 559 877 687 928; x_wconf 80' lang='lat' dir='ltr'><strong>spargere·</strong></span> <span class='ocrx_word' id='word_1_82' title='bbox 706 840 867 880; x_wconf 61' lang='lat' dir='ltr'><strong>mm</strong></span> 
     </span>
     <span class='ocr_line' id='line_1_11' title="bbox 88 932 685 998; baseline 0.002 -16"><span class='ocrx_word' id='word_1_83' title='bbox 88 938 132 984; x_wconf 90' lang='lat' dir='ltr'><strong>tur</strong></span> <span class='ocrx_word' id='word_1_84' title='bbox 147 935 217 985; x_wconf 80' lang='lat' dir='ltr'>alind</span> <span class='ocrx_word' id='word_1_85' title='bbox 235 949 277 984; x_wconf 89' lang='lat' dir='ltr'><strong>me</strong></span> <span class='ocrx_word' id='word_1_86' title='bbox 297 937 403 997; x_wconf 84' lang='lat' dir='ltr'><strong>docere,</strong></span> <span class='ocrx_word' id='word_1_87' title='bbox 416 938 494 998; x_wconf 79' lang='lat' dir='ltr'><strong>quam</strong></span> <span class='ocrx_word' id='word_1_88' title='bbox 515 935 622 984; x_wconf 76' lang='lat' dir='ltr'><strong>doceant</strong></span> <span class='ocrx_word' id='word_1_89' title='bbox 641 932 685 983; x_wconf 85' lang='lat' dir='ltr'><strong>alii</strong></span> 
     </span>
     <span class='ocr_line' id='line_1_12' title="bbox 89 1004 495 1066; baseline -0.005 -14"><span class='ocrx_word' id='word_1_90' title='bbox 89 1004 219 1066; x_wconf 72' lang='lat' dir='ltr'><strong>Apostoli,</strong></span> <span class='ocrx_word' id='word_1_91' title='bbox 234 1008 405 1053; x_wconf 73' lang='lat' dir='ltr'><strong>antecessores</strong></span> <span class='ocrx_word' id='word_1_92' title='bbox 419 1006 470 1053; x_wconf 86' lang='lat' dir='ltr'><strong>mei</strong></span> <span class='ocrx_word' id='word_1_93' title='bbox 487 1017 495 1050; x_wconf 75' lang='grc' dir='ltr'><strong>ε</strong></span> 
     </span>
     <span class='ocr_line' id='line_1_13' title="bbox 119 1069 1146 1140; baseline 0 -17"><span class='ocrx_word' id='word_1_94' title='bbox 119 1073 152 1123; x_wconf 77' lang='lat' dir='ltr'><strong>ut</strong></span> <span class='ocrx_word' id='word_1_95' title='bbox 176 1074 245 1136; x_wconf 79' lang='lat' dir='ltr'><strong>quod</strong></span> <span class='ocrx_word' id='word_1_96' title='bbox 265 1076 407 1123; x_wconf 75' lang='lat' dir='ltr'><strong>mulmum</strong></span> <span class='ocrx_word' id='word_1_97' title='bbox 429 1079 469 1123; x_wconf 88' lang='lat' dir='ltr'><strong>est</strong></span> <span class='ocrx_word' id='word_1_98' title='bbox 490 1077 686 1135; x_wconf 77' lang='lat' dir='ltr'><strong>argumentum,</strong></span> <span class='ocrx_word' id='word_1_99' title='bbox 743 1069 1146 1140; x_wconf 57' lang='lat' dir='ltr'><strong>&amp;Seduequeliluzquime</strong></span> 
     </span>
    </p>
   </div>
   <div class='ocr_carea' id='block_1_6' title="bbox 89 1246 1147 1379">
    <p class='ocr_par' dir='ltr' id='par_1_7' title="bbox 89 1246 1147 1379">
     <span class='ocr_line' id='line_1_14' title="bbox 118 1246 1147 1312; baseline -0.004 -11"><span class='ocrx_word' id='word_1_100' title='bbox 118 1251 184 1301; x_wconf 83' lang='lat' dir='ltr'><strong>llrno</strong></span> <span class='ocrx_word' id='word_1_101' title='bbox 196 1250 279 1311; x_wconf 79' lang='lat' dir='ltr'><strong>colligi</strong></span> <span class='ocrx_word' id='word_1_102' title='bbox 296 1254 395 1312; x_wconf 84' lang='lat' dir='ltr'><strong>potest,</strong></span> <span class='ocrx_word' id='word_1_103' title='bbox 410 1250 448 1297; x_wconf 88' lang='lat' dir='ltr'><strong>ait</strong></span> <span class='ocrx_word' id='word_1_104' title='bbox 464 1248 493 1297; x_wconf 85' lang='lat' dir='ltr'><strong>lt.</strong></span> <span class='ocrx_word' id='word_1_105' title='bbox 506 1248 634 1308; x_wconf 83' lang='lat' dir='ltr'><strong>Thomas,</strong></span> <span class='ocrx_word' id='word_1_106' title='bbox 647 1248 716 1310; x_wconf 82' lang='lat' dir='ltr'><strong>qudd</strong></span> <span class='ocrx_word' id='word_1_107' title='bbox 732 1261 821 1299; x_wconf 82' lang='lat' dir='ltr'><strong>omnes</strong></span> <span class='ocrx_word' id='word_1_108' title='bbox 841 1252 914 1298; x_wconf 81' lang='lat' dir='ltr'><strong>aetus</strong></span> <span class='ocrx_word' id='word_1_109' title='bbox 926 1246 1105 1312; x_wconf 75' lang='lat' dir='ltr'><strong>Apostolorum</strong></span> <span class='ocrx_word' id='word_1_110' title='bbox 1123 1247 1147 1297; x_wconf 83' lang='lat' dir='ltr'><strong>ot</strong></span> 
     </span>
     <span class='ocr_line' id='line_1_15' title="bbox 89 1317 837 1379; baseline -0.001 -10"><span class='ocrx_word' id='word_1_111' title='bbox 89 1323 175 1370; x_wconf 82' lang='lat' dir='ltr'><strong>mutus</strong></span> <span class='ocrx_word' id='word_1_112' title='bbox 189 1319 294 1369; x_wconf 87' lang='lat' dir='ltr'><strong>luerunt</strong></span> <span class='ocrx_word' id='word_1_113' title='bbox 303 1318 445 1368; x_wconf 65' lang='lat' dir='ltr'><strong>meandum</strong></span> <span class='ocrx_word' id='word_1_114' title='bbox 458 1320 609 1366; x_wconf 83' lang='lat' dir='ltr'><strong>instinctum</strong></span> <span class='ocrx_word' id='word_1_115' title='bbox 621 1317 729 1379; x_wconf 83' lang='lat' dir='ltr'><strong>Spiritus</strong></span> <span class='ocrx_word' id='word_1_116' title='bbox 741 1318 837 1368; x_wconf 83' lang='lat' dir='ltr'><strong>Sanotl.</strong></span> 
     </span>
    </p>
   </div>
   <div class='ocr_carea' id='block_1_7' title="bbox 89 1388 1150 2424">
    <p class='ocr_par' dir='ltr' id='par_1_8' title="bbox 89 1388 1147 1525">
     <span class='ocr_line' id='line_1_16' title="bbox 119 1388 1147 1455; baseline -0.001 -13"><span class='ocrx_word' id='word_1_117' title='bbox 119 1396 153 1442; x_wconf 74' lang='lat' dir='ltr'><strong>Et</strong></span> <span class='ocrx_word' id='word_1_118' title='bbox 167 1393 261 1442; x_wconf 76' lang='lat' dir='ltr'><strong>contuli</strong></span> <span class='ocrx_word' id='word_1_119' title='bbox 274 1407 331 1442; x_wconf 71' lang='lat' dir='ltr'><strong>oeni</strong></span> <span class='ocrx_word' id='word_1_120' title='bbox 340 1393 408 1449; x_wconf 77' lang='lat' dir='ltr'><strong>illia,</strong></span> <span class='ocrx_word' id='word_1_121' title='bbox 418 1392 445 1443; x_wconf 91' lang='lat' dir='ltr'><strong>id</strong></span> <span class='ocrx_word' id='word_1_122' title='bbox 455 1395 494 1440; x_wconf 76' lang='lat' dir='ltr'><strong>est</strong></span> <span class='ocrx_word' id='word_1_123' title='bbox 503 1405 578 1451; x_wconf 87' lang='lat' dir='ltr'><strong>,num</strong></span> <span class='ocrx_word' id='word_1_124' title='bbox 590 1391 822 1455; x_wconf 58' lang='lat' dir='ltr'><strong>ierosolymitanam</strong></span> <span class='ocrx_word' id='word_1_125' title='bbox 833 1403 879 1441; x_wconf 87' lang='lat' dir='ltr'><strong>seu</strong></span> <span class='ocrx_word' id='word_1_126' title='bbox 890 1388 1147 1443; x_wconf 74' lang='lat' dir='ltr'><strong>eamssedeuaiero</strong></span> 
     </span>
     <span class='ocr_line' id='line_1_17' title="bbox 89 1461 1017 1525; baseline -0.001 -11"><span class='ocrx_word' id='word_1_127' title='bbox 89 1462 257 1525; x_wconf 68' lang='lat' dir='ltr'><strong>solymitani,</strong></span> <span class='ocrx_word' id='word_1_128' title='bbox 268 1464 452 1512; x_wconf 68' lang='lat' dir='ltr'><strong>communicari</strong></span> <span class='ocrx_word' id='word_1_129' title='bbox 463 1461 496 1509; x_wconf 89' lang='lat' dir='ltr'><strong>de</strong></span> <span class='ocrx_word' id='word_1_130' title='bbox 509 1461 622 1510; x_wconf 76' lang='lat' dir='ltr'><strong>(lontrina</strong></span> <span class='ocrx_word' id='word_1_131' title='bbox 634 1475 712 1523; x_wconf 79' lang='lat' dir='ltr'><strong>qnam</strong></span> <span class='ocrx_word' id='word_1_132' title='bbox 724 1465 791 1513; x_wconf 87' lang='lat' dir='ltr'><strong>inter</strong></span> <span class='ocrx_word' id='word_1_133' title='bbox 799 1467 885 1524; x_wconf 77' lang='lat' dir='ltr'><strong>gentes</strong></span> <span class='ocrx_word' id='word_1_134' title='bbox 896 1461 1017 1524; x_wconf 80' lang='lat' dir='ltr'><strong>pradieo.</strong></span> 
     </span>
    </p>

    <p class='ocr_par' dir='ltr' id='par_1_9' title="bbox 120 1530 523 1592">
     <span class='ocr_line' id='line_1_18' title="bbox 120 1530 523 1592; baseline -0.005 -10"><span class='ocrx_word' id='word_1_135' title='bbox 120 1533 177 1592; x_wconf 65' lang='lat' dir='ltr'><strong>syr.</strong></span> <span class='ocrx_word' id='word_1_136' title='bbox 187 1530 293 1592; x_wconf 73' lang='lat' dir='ltr'><strong>patefeci</strong></span> <span class='ocrx_word' id='word_1_137' title='bbox 301 1532 338 1579; x_wconf 86' lang='lat' dir='ltr'><strong>eis</strong></span> <span class='ocrx_word' id='word_1_138' title='bbox 349 1530 523 1592; x_wconf 75' lang='lat' dir='ltr'><strong>Evangelinm.</strong></span> 
     </span>
    </p>

    <p class='ocr_par' dir='ltr' id='par_1_10' title="bbox 89 1602 1147 1741">
     <span class='ocr_line' id='line_1_19' title="bbox 121 1602 1147 1667; baseline 0 -12"><span class='ocrx_word' id='word_1_139' title='bbox 121 1607 240 1655; x_wconf 68' lang='lat' dir='ltr'><strong>&amp;orsum</strong></span> <span class='ocrx_word' id='word_1_140' title='bbox 248 1612 332 1654; x_wconf 75' lang='lat' dir='ltr'><strong>autent</strong></span> <span class='ocrx_word' id='word_1_141' title='bbox 344 1606 378 1653; x_wconf 78' lang='lat' dir='ltr'><strong>iia</strong></span> <span class='ocrx_word' id='word_1_142' title='bbox 387 1607 433 1666; x_wconf 73' lang='lat' dir='ltr'><strong>pua·</strong></span> <span class='ocrx_word' id='word_1_143' title='bbox 446 1606 626 1655; x_wconf 70' lang='lat' dir='ltr'><strong>oidedomr...</strong></span> <span class='ocrx_word' id='word_1_144' title='bbox 636 1605 680 1654; x_wconf 86' lang='lat' dir='ltr'><strong>Gr.</strong></span> <span class='ocrx_word' id='word_1_145' title='bbox 694 1617 807 1654; x_wconf 80' lang='lat' dir='ltr'><strong>seorsum</strong></span> <span class='ocrx_word' id='word_1_146' title='bbox 819 1608 905 1654; x_wconf 85' lang='lat' dir='ltr'><strong>antem</strong></span> <span class='ocrx_word' id='word_1_147' title='bbox 915 1607 945 1654; x_wconf 94' lang='lat' dir='ltr'><strong>ln</strong></span> <span class='ocrx_word' id='word_1_148' title='bbox 955 1606 1039 1667; x_wconf 82' lang='lat' dir='ltr'><strong>pretio</strong></span> <span class='ocrx_word' id='word_1_149' title='bbox 1047 1602 1147 1667; x_wconf 59' lang='lat' dir='ltr'><strong>babilla.</strong></span> 
     </span>
     <span class='ocr_line' id='line_1_20' title="bbox 89 1673 981 1741; baseline 0 -17"><span class='ocrx_word' id='word_1_150' title='bbox 89 1673 147 1736; x_wconf 75' lang='lat' dir='ltr'><strong>Syr.</strong></span> <span class='ocrx_word' id='word_1_151' title='bbox 158 1687 189 1723; x_wconf 85' lang='lat' dir='ltr'><strong>ae</strong></span> <span class='ocrx_word' id='word_1_152' title='bbox 196 1676 321 1741; x_wconf 72' lang='lat' dir='ltr'><strong>privatim</strong></span> <span class='ocrx_word' id='word_1_153' title='bbox 332 1673 396 1722; x_wconf 91' lang='lat' dir='ltr'><strong>illud</strong></span> <span class='ocrx_word' id='word_1_154' title='bbox 407 1675 505 1724; x_wconf 87' lang='lat' dir='ltr'><strong>ostendi</strong></span> <span class='ocrx_word' id='word_1_155' title='bbox 520 1677 552 1723; x_wconf 88' lang='lat' dir='ltr'><strong>iis</strong></span> <span class='ocrx_word' id='word_1_156' title='bbox 565 1677 610 1734; x_wconf 84' lang='lat' dir='ltr'><strong>qui</strong></span> <span class='ocrx_word' id='word_1_157' title='bbox 625 1676 801 1724; x_wconf 82' lang='lat' dir='ltr'><strong>existimantur</strong></span> <span class='ocrx_word' id='word_1_158' title='bbox 811 1674 907 1736; x_wconf 77' lang='lat' dir='ltr'><strong>aliquid</strong></span> <span class='ocrx_word' id='word_1_159' title='bbox 915 1687 981 1724; x_wconf 82' lang='lat' dir='ltr'><strong>ease.</strong></span> 
     </span>
    </p>

    <p class='ocr_par' dir='ltr' id='par_1_11' title="bbox 90 1736 1149 1874">
     <span class='ocr_line' id='line_1_21' title="bbox 120 1736 1149 1804; baseline 0 -12"><span class='ocrx_word' id='word_1_160' title='bbox 120 1743 148 1792; x_wconf 93' lang='lat' dir='ltr'><strong>ld</strong></span> <span class='ocrx_word' id='word_1_161' title='bbox 166 1748 222 1801; x_wconf 80' lang='lat' dir='ltr'><strong>est,</strong></span> <span class='ocrx_word' id='word_1_162' title='bbox 232 1741 333 1804; x_wconf 78' lang='lat' dir='ltr'><strong>publice</strong></span> <span class='ocrx_word' id='word_1_163' title='bbox 343 1743 446 1802; x_wconf 79' lang='lat' dir='ltr'><strong>quidem</strong></span> <span class='ocrx_word' id='word_1_164' title='bbox 464 1745 651 1793; x_wconf 81' lang='lat' dir='ltr'><strong>communicari</strong></span> <span class='ocrx_word' id='word_1_165' title='bbox 668 1756 727 1792; x_wconf 90' lang='lat' dir='ltr'><strong>cum</strong></span> <span class='ocrx_word' id='word_1_166' title='bbox 739 1736 877 1802; x_wconf 83' lang='lat' dir='ltr'><strong>omnibus;</strong></span> <span class='ocrx_word' id='word_1_167' title='bbox 890 1746 917 1790; x_wconf 89' lang='lat' dir='ltr'><strong>at</strong></span> <span class='ocrx_word' id='word_1_168' title='bbox 931 1743 1055 1804; x_wconf 81' lang='lat' dir='ltr'><strong>privatim</strong></span> <span class='ocrx_word' id='word_1_169' title='bbox 1065 1743 1093 1790; x_wconf 83' lang='lat' dir='ltr'><strong>et</strong></span> <span class='ocrx_word' id='word_1_170' title='bbox 1109 1752 1149 1793; x_wconf 82' lang='lat' dir='ltr'><strong>ae·</strong></span> 
     </span>
     <span class='ocr_line' id='line_1_22' title="bbox 90 1811 1148 1874; baseline -0.001 -12"><span class='ocrx_word' id='word_1_171' title='bbox 90 1811 160 1862; x_wconf 81' lang='lat' dir='ltr'><strong>creto</strong></span> <span class='ocrx_word' id='word_1_172' title='bbox 168 1825 230 1860; x_wconf 84' lang='lat' dir='ltr'><strong>oum</strong></span> <span class='ocrx_word' id='word_1_173' title='bbox 242 1813 275 1860; x_wconf 88' lang='lat' dir='ltr'><strong>iis</strong></span> <span class='ocrx_word' id='word_1_174' title='bbox 287 1814 332 1872; x_wconf 84' lang='lat' dir='ltr'><strong>qui</strong></span> <span class='ocrx_word' id='word_1_175' title='bbox 352 1813 501 1872; x_wconf 82' lang='lat' dir='ltr'><strong>insigniores</strong></span> <span class='ocrx_word' id='word_1_176' title='bbox 514 1820 587 1861; x_wconf 88' lang='lat' dir='ltr'><strong>eraut</strong></span> <span class='ocrx_word' id='word_1_177' title='bbox 599 1817 625 1861; x_wconf 89' lang='lat' dir='ltr'><strong>et</strong></span> <span class='ocrx_word' id='word_1_178' title='bbox 640 1814 744 1872; x_wconf 84' lang='lat' dir='ltr'><strong>majoris</strong></span> <span class='ocrx_word' id='word_1_179' title='bbox 755 1811 824 1874; x_wconf 89' lang='lat' dir='ltr'><strong>apud</strong></span> <span class='ocrx_word' id='word_1_180' title='bbox 841 1824 931 1860; x_wconf 86' lang='lat' dir='ltr'><strong>omnes</strong></span> <span class='ocrx_word' id='word_1_181' title='bbox 946 1811 1148 1861; x_wconf 76' lang='lat' dir='ltr'><strong>existimationis</strong></span> 
     </span>
    </p>

    <p class='ocr_par' dir='ltr' id='par_1_12' title="bbox 89 1879 1150 2077">
     <span class='ocr_line' id='line_1_23' title="bbox 120 1879 1150 1941; baseline 0 -11"><span class='ocrx_word' id='word_1_182' title='bbox 120 1881 149 1930; x_wconf 95' lang='lat' dir='ltr'><strong>ln</strong></span> <span class='ocrx_word' id='word_1_183' title='bbox 159 1881 232 1930; x_wconf 83' lang='lat' dir='ltr'><strong>turha</strong></span> <span class='ocrx_word' id='word_1_184' title='bbox 244 1893 296 1930; x_wconf 93' lang='lat' dir='ltr'><strong>non</strong></span> <span class='ocrx_word' id='word_1_185' title='bbox 306 1879 370 1929; x_wconf 79' lang='lat' dir='ltr'><strong>bene</strong></span> <span class='ocrx_word' id='word_1_186' title='bbox 379 1885 461 1941; x_wconf 82' lang='lat' dir='ltr'><strong>potest</strong></span> <span class='ocrx_word' id='word_1_187' title='bbox 473 1881 565 1930; x_wconf 83' lang='lat' dir='ltr'><strong>discuti</strong></span> <span class='ocrx_word' id='word_1_188' title='bbox 578 1883 688 1937; x_wconf 77' lang='lat' dir='ltr'><strong>veritas,</strong></span> <span class='ocrx_word' id='word_1_189' title='bbox 698 1883 736 1928; x_wconf 86' lang='lat' dir='ltr'><strong>ait</strong></span> <span class='ocrx_word' id='word_1_190' title='bbox 746 1880 773 1929; x_wconf 88' lang='lat' dir='ltr'><strong>S.</strong></span> <span class='ocrx_word' id='word_1_191' title='bbox 788 1879 937 1935; x_wconf 78' lang='lat' dir='ltr'><strong>Anselmua;</strong></span> <span class='ocrx_word' id='word_1_192' title='bbox 952 1879 1011 1929; x_wconf 87' lang='lat' dir='ltr'><strong>ideo</strong></span> <span class='ocrx_word' id='word_1_193' title='bbox 1023 1892 1078 1930; x_wconf 89' lang='lat' dir='ltr'><strong>non</strong></span> <span class='ocrx_word' id='word_1_194' title='bbox 1092 1891 1150 1930; x_wconf 88' lang='lat' dir='ltr'><strong>oum</strong></span> 
     </span>
     <span class='ocr_line' id='line_1_24' title="bbox 89 1948 1149 2010; baseline 0.001 -12"><span class='ocrx_word' id='word_1_195' title='bbox 89 1950 224 2006; x_wconf 86' lang='lat' dir='ltr'><strong>omnibus,</strong></span> <span class='ocrx_word' id='word_1_196' title='bbox 235 1948 279 1998; x_wconf 85' lang='lat' dir='ltr'><strong>sed</strong></span> <span class='ocrx_word' id='word_1_197' title='bbox 287 1951 417 2010; x_wconf 80' lang='lat' dir='ltr'><strong>speciatim</strong></span> <span class='ocrx_word' id='word_1_198' title='bbox 428 1962 489 1997; x_wconf 83' lang='lat' dir='ltr'><strong>cum</strong></span> <span class='ocrx_word' id='word_1_199' title='bbox 503 1951 535 1998; x_wconf 89' lang='lat' dir='ltr'><strong>iis</strong></span> <span class='ocrx_word' id='word_1_200' title='bbox 550 1951 595 2010; x_wconf 75' lang='lat' dir='ltr'><strong>oui</strong></span> <span class='ocrx_word' id='word_1_201' title='bbox 609 1950 714 2007; x_wconf 84' lang='lat' dir='ltr'><strong>majoris</strong></span> <span class='ocrx_word' id='word_1_202' title='bbox 727 1952 801 1996; x_wconf 85' lang='lat' dir='ltr'><strong>erant</strong></span> <span class='ocrx_word' id='word_1_203' title='bbox 810 1949 968 1998; x_wconf 78' lang='lat' dir='ltr'><strong>auctoritatis</strong></span> <span class='ocrx_word' id='word_1_204' title='bbox 981 1951 1009 1996; x_wconf 86' lang='lat' dir='ltr'><strong>et</strong></span> <span class='ocrx_word' id='word_1_205' title='bbox 1020 1950 1149 2008; x_wconf 81' lang='lat' dir='ltr'><strong>euenuo,</strong></span> 
     </span>
     <span class='ocr_line' id='line_1_25' title="bbox 89 2016 973 2077; baseline -0.002 -11"><span class='ocrx_word' id='word_1_206' title='bbox 89 2017 122 2066; x_wconf 86' lang='lat' dir='ltr'><strong>da</strong></span> <span class='ocrx_word' id='word_1_207' title='bbox 131 2017 207 2066; x_wconf 85' lang='lat' dir='ltr'><strong>rebus</strong></span> <span class='ocrx_word' id='word_1_208' title='bbox 216 2021 320 2077; x_wconf 86' lang='lat' dir='ltr'><strong>majoris</strong></span> <span class='ocrx_word' id='word_1_209' title='bbox 335 2018 472 2076; x_wconf 85' lang='lat' dir='ltr'><strong>momenti,</strong></span> <span class='ocrx_word' id='word_1_210' title='bbox 482 2016 498 2065; x_wconf 87' lang='lat' dir='ltr'><strong>A</strong></span> <span class='ocrx_word' id='word_1_211' title='bbox 509 2016 585 2065; x_wconf 79' lang='lat' dir='ltr'><strong>turba</strong></span> <span class='ocrx_word' id='word_1_212' title='bbox 595 2022 708 2065; x_wconf 84' lang='lat' dir='ltr'><strong>semotus</strong></span> <span class='ocrx_word' id='word_1_213' title='bbox 716 2016 925 2066; x_wconf 82' lang='lat' dir='ltr'><strong>eommuniearit.</strong></span> <span class='ocrx_word' id='word_1_214' title='bbox 969 2038 973 2047; x_wconf 95' lang='lat'>·</span> 
     </span>
    </p>

    <p class='ocr_par' dir='ltr' id='par_1_13' title="bbox 120 2090 413 2152">
     <span class='ocr_line' id='line_1_26' title="bbox 120 2090 413 2152; baseline 0 -13"><span class='ocrx_word' id='word_1_215' title='bbox 120 2090 225 2152; x_wconf 63' lang='lat' dir='ltr'><strong>livione*</strong></span> <span class='ocrx_word' id='word_1_216' title='bbox 234 2093 262 2138; x_wconf 82' lang='lat' dir='ltr'><strong>a&#39;n</strong></span> <span class='ocrx_word' id='word_1_217' title='bbox 274 2104 413 2139; x_wconf 69' lang='lat' dir='ltr'><strong>romum...</strong></span> 
     </span>
    </p>

    <p class='ocr_par' dir='ltr' id='par_1_14' title="bbox 90 2156 1150 2424">
     <span class='ocr_line' id='line_1_27' title="bbox 119 2156 1150 2222; baseline 0.004 -16"><span class='ocrx_word' id='word_1_218' title='bbox 119 2159 174 2207; x_wconf 83' lang='lat' dir='ltr'><strong>lion</strong></span> <span class='ocrx_word' id='word_1_219' title='bbox 187 2161 259 2218; x_wconf 87' lang='lat' dir='ltr'><strong>quasi</strong></span> <span class='ocrx_word' id='word_1_220' title='bbox 272 2159 380 2215; x_wconf 83' lang='lat' dir='ltr'><strong>dubius,</strong></span> <span class='ocrx_word' id='word_1_221' title='bbox 392 2160 438 2205; x_wconf 86' lang='lat' dir='ltr'><strong>aut</strong></span> <span class='ocrx_word' id='word_1_222' title='bbox 451 2168 504 2205; x_wconf 94' lang='lat' dir='ltr'><strong>non</strong></span> <span class='ocrx_word' id='word_1_223' title='bbox 516 2159 578 2206; x_wconf 87' lang='lat' dir='ltr'><strong>satis</strong></span> <span class='ocrx_word' id='word_1_224' title='bbox 589 2159 745 2217; x_wconf 86' lang='lat' dir='ltr'><strong>instructus,</strong></span> <span class='ocrx_word' id='word_1_225' title='bbox 759 2156 959 2207; x_wconf 80' lang='lat' dir='ltr'><strong>communicarit</strong></span> <span class='ocrx_word' id='word_1_226' title='bbox 973 2172 1035 2209; x_wconf 85' lang='lat' dir='ltr'><strong>oum</strong></span> <span class='ocrx_word' id='word_1_227' title='bbox 1046 2158 1150 2222; x_wconf 85' lang='lat' dir='ltr'><strong>Aposto-</strong></span> 
     </span>
     <span class='ocr_line' id='line_1_28' title="bbox 90 2227 1150 2290; baseline 0.003 -14"><span class='ocrx_word' id='word_1_228' title='bbox 90 2228 137 2288; x_wconf 88' lang='lat' dir='ltr'><strong>lis;</strong></span> <span class='ocrx_word' id='word_1_229' title='bbox 148 2228 192 2276; x_wconf 91' lang='lat' dir='ltr'><strong>sed</strong></span> <span class='ocrx_word' id='word_1_230' title='bbox 207 2233 236 2277; x_wconf 92' lang='lat' dir='ltr'><strong>ut</strong></span> <span class='ocrx_word' id='word_1_231' title='bbox 249 2241 336 2276; x_wconf 92' lang='lat' dir='ltr'><strong>eorum</strong></span> <span class='ocrx_word' id='word_1_232' title='bbox 350 2229 493 2275; x_wconf 70' lang='lat' dir='ltr'><strong>testimonio</strong></span> <span class='ocrx_word' id='word_1_233' title='bbox 508 2227 647 2275; x_wconf 89' lang='lat' dir='ltr'><strong>obstrueret</strong></span> <span class='ocrx_word' id='word_1_234' title='bbox 667 2241 696 2276; x_wconf 90' lang='lat' dir='ltr'><strong>os</strong></span> <span class='ocrx_word' id='word_1_235' title='bbox 708 2228 921 2277; x_wconf 72' lang='lat' dir='ltr'><strong>calumniantium</strong></span> <span class='ocrx_word' id='word_1_236' title='bbox 939 2229 1004 2289; x_wconf 76' lang='lat' dir='ltr'><strong>allii,</strong></span> <span class='ocrx_word' id='word_1_237' title='bbox 1019 2229 1088 2290; x_wconf 78' lang='lat' dir='ltr'><strong>quod</strong></span> <span class='ocrx_word' id='word_1_238' title='bbox 1102 2228 1150 2279; x_wconf 86' lang='lat' dir='ltr'><strong>alla</strong></span> 
     </span>
     <span class='ocr_line' id='line_1_29' title="bbox 90 2295 1150 2356; baseline 0.004 -12"><span class='ocrx_word' id='word_1_239' title='bbox 90 2296 190 2344; x_wconf 78' lang='lat' dir='ltr'><strong>doceret</strong></span> <span class='ocrx_word' id='word_1_240' title='bbox 199 2297 273 2356; x_wconf 79' lang='lat' dir='ltr'><strong>quam</strong></span> <span class='ocrx_word' id='word_1_241' title='bbox 285 2295 395 2356; x_wconf 85' lang='lat' dir='ltr'><strong>Apostoli</strong></span> <span class='ocrx_word' id='word_1_242' title='bbox 402 2332 409 2352; x_wconf 91' lang='lat'><strong>,</strong></span> <span class='ocrx_word' id='word_1_243' title='bbox 416 2296 501 2354; x_wconf 80' lang='lat' dir='ltr'><strong>sicque</strong></span> <span class='ocrx_word' id='word_1_244' title='bbox 511 2296 643 2356; x_wconf 88' lang='lat' dir='ltr'><strong>impediret</strong></span> <span class='ocrx_word' id='word_1_245' title='bbox 654 2309 686 2345; x_wconf 90' lang='lat' dir='ltr'><strong>ne</strong></span> <span class='ocrx_word' id='word_1_246' title='bbox 697 2296 745 2346; x_wconf 77' lang='lat' dir='ltr'><strong>haio</strong></span> <span class='ocrx_word' id='word_1_247' title='bbox 757 2296 886 2345; x_wconf 72' lang='lat' dir='ltr'><strong>calumnia</strong></span> <span class='ocrx_word' id='word_1_248' title='bbox 895 2296 995 2346; x_wconf 87' lang='lat' dir='ltr'><strong>inutilla</strong></span> <span class='ocrx_word' id='word_1_249' title='bbox 1005 2298 1150 2348; x_wconf 86' lang='lat' dir='ltr'><strong>redderetur</strong></span> 
     </span>
     <span class='ocr_line' id='line_1_30' title="bbox 91 2364 669 2424; baseline 0 -10"><span class='ocrx_word' id='word_1_250' title='bbox 91 2368 173 2415; x_wconf 89' lang='lat' dir='ltr'><strong>omnis</strong></span> <span class='ocrx_word' id='word_1_251' title='bbox 188 2378 249 2413; x_wconf 89' lang='lat' dir='ltr'><strong>suus</strong></span> <span class='ocrx_word' id='word_1_252' title='bbox 260 2364 329 2412; x_wconf 83' lang='lat' dir='ltr'><strong>labor</strong></span> <span class='ocrx_word' id='word_1_253' title='bbox 340 2370 364 2411; x_wconf 90' lang='lat' dir='ltr'><strong>et</strong></span> <span class='ocrx_word' id='word_1_254' title='bbox 374 2365 514 2424; x_wconf 72' lang='lat' dir='ltr'><strong>praeteritus</strong></span> <span class='ocrx_word' id='word_1_255' title='bbox 524 2371 548 2411; x_wconf 87' lang='lat' dir='ltr'><strong>et</strong></span> <span class='ocrx_word' id='word_1_256' title='bbox 560 2364 669 2414; x_wconf 84' lang='lat' dir='ltr'><strong>iuturus.</strong></span> 
     </span>
    </p>
   </div>
   <div class='ocr_carea' id='block_1_8' title="bbox 90 2445 1151 3621">
    <p class='ocr_par' dir='ltr' id='par_1_15' title="bbox 90 2445 1150 2710">
     <span class='ocr_line' id='line_1_31' title="bbox 121 2445 1149 2512; baseline 0.005 -18"><span class='ocrx_word' id='word_1_257' title='bbox 121 2445 326 2494; x_wconf 75' lang='lat' dir='ltr'><strong>Oassnrlrronns</strong></span> <span class='ocrx_word' id='word_1_258' title='bbox 351 2457 501 2493; x_wconf 72' lang='lat' dir='ltr'><strong>nocrimen</strong></span> <span class='ocrx_word' id='word_1_259' title='bbox 525 2458 557 2493; x_wconf 78' lang='lat' dir='ltr'><strong>ar</strong></span> <span class='ocrx_word' id='word_1_260' title='bbox 579 2459 703 2495; x_wconf 73' lang='lat' dir='ltr'><strong>nonanes.</strong></span> <span class='ocrx_word' id='word_1_261' title='bbox 716 2472 749 2482; x_wconf 96' lang='lat'><em>-</em></span> <span class='ocrx_word' id='word_1_262' title='bbox 760 2448 823 2496; x_wconf 81' lang='lat' dir='ltr'><strong>Nota</strong></span> <span class='ocrx_word' id='word_1_263' title='bbox 843 2447 912 2508; x_wconf 80' lang='lat' dir='ltr'><strong>quid</strong></span> <span class='ocrx_word' id='word_1_264' title='bbox 932 2447 1028 2498; x_wconf 80' lang='lat' dir='ltr'><strong>Paulus</strong></span> <span class='ocrx_word' id='word_1_265' title='bbox 1048 2449 1083 2499; x_wconf 82' lang='lat' dir='ltr'><strong>ol&gt;</strong></span> <span class='ocrx_word' id='word_1_266' title='bbox 1099 2451 1149 2512; x_wconf 81' lang='lat' dir='ltr'><strong>ipso</strong></span> 
     </span>
     <span class='ocr_line' id='line_1_32' title="bbox 90 2514 1150 2578; baseline 0.005 -14"><span class='ocrx_word' id='word_1_267' title='bbox 90 2515 189 2564; x_wconf 82' lang='lat' dir='ltr'><strong>Christo</strong></span> <span class='ocrx_word' id='word_1_268' title='bbox 200 2518 351 2563; x_wconf 88' lang='lat' dir='ltr'><strong>constitutus</strong></span> <span class='ocrx_word' id='word_1_269' title='bbox 360 2514 491 2576; x_wconf 80' lang='lat' dir='ltr'><strong>Apostolus</strong></span> <span class='ocrx_word' id='word_1_270' title='bbox 499 2518 525 2563; x_wconf 85' lang='lat' dir='ltr'><strong>et</strong></span> <span class='ocrx_word' id='word_1_271' title='bbox 537 2515 700 2577; x_wconf 72' lang='lat' dir='ltr'><strong>evangelium</strong></span> <span class='ocrx_word' id='word_1_272' title='bbox 711 2517 829 2575; x_wconf 85' lang='lat' dir='ltr'><strong>edoctus,</strong></span> <span class='ocrx_word' id='word_1_273' title='bbox 842 2530 895 2565; x_wconf 92' lang='lat' dir='ltr'><strong>non</strong></span> <span class='ocrx_word' id='word_1_274' title='bbox 907 2517 1058 2578; x_wconf 76' lang='lat' dir='ltr'><strong>dedignatur</strong></span> <span class='ocrx_word' id='word_1_275' title='bbox 1066 2523 1150 2569; x_wconf 84' lang='lat' dir='ltr'><strong>tamen</strong></span> 
     </span>
     <span class='ocr_line' id='line_1_33' title="bbox 91 2584 1149 2646; baseline 0.006 -13"><span class='ocrx_word' id='word_1_276' title='bbox 91 2598 151 2634; x_wconf 83' lang='lat' dir='ltr'><strong>oum</strong></span> <span class='ocrx_word' id='word_1_277' title='bbox 172 2584 317 2633; x_wconf 86' lang='lat' dir='ltr'><strong>hominibus</strong></span> <span class='ocrx_word' id='word_1_278' title='bbox 328 2587 531 2644; x_wconf 78' lang='lat' dir='ltr'><strong>communicare,</strong></span> <span class='ocrx_word' id='word_1_279' title='bbox 546 2592 571 2633; x_wconf 90' lang='lat' dir='ltr'><strong>et</strong></span> <span class='ocrx_word' id='word_1_280' title='bbox 582 2586 639 2634; x_wconf 87' lang='lat' dir='ltr'><strong>aliis</strong></span> <span class='ocrx_word' id='word_1_281' title='bbox 658 2586 782 2646; x_wconf 82' lang='lat' dir='ltr'><strong>Apostolis</strong></span> <span class='ocrx_word' id='word_1_282' title='bbox 794 2587 826 2634; x_wconf 92' lang='lat' dir='ltr'><strong>de</strong></span> <span class='ocrx_word' id='word_1_283' title='bbox 836 2586 952 2634; x_wconf 80' lang='lat' dir='ltr'><strong>doctrina</strong></span> <span class='ocrx_word' id='word_1_284' title='bbox 969 2600 1017 2636; x_wconf 86' lang='lat' dir='ltr'><strong>sua</strong></span> <span class='ocrx_word' id='word_1_285' title='bbox 1028 2590 1149 2639; x_wconf 84' lang='lat' dir='ltr'><strong>rationem</strong></span> 
     </span>
     <span class='ocr_line' id='line_1_34' title="bbox 90 2652 771 2710; baseline 0 -8"><span class='ocrx_word' id='word_1_286' title='bbox 90 2654 206 2710; x_wconf 80' lang='lat' dir='ltr'><strong>reddere,</strong></span> <span class='ocrx_word' id='word_1_287' title='bbox 218 2653 261 2700; x_wconf 87' lang='lat' dir='ltr'><strong>sed</strong></span> <span class='ocrx_word' id='word_1_288' title='bbox 272 2654 304 2700; x_wconf 85' lang='lat' dir='ltr'><strong>ob</strong></span> <span class='ocrx_word' id='word_1_289' title='bbox 320 2653 370 2701; x_wconf 89' lang='lat' dir='ltr'><strong>illis</strong></span> <span class='ocrx_word' id='word_1_290' title='bbox 385 2652 466 2701; x_wconf 74' lang='lat' dir='ltr'><strong>voluit</strong></span> <span class='ocrx_word' id='word_1_291' title='bbox 480 2655 654 2702; x_wconf 87' lang='lat' dir='ltr'><strong>testimonium</strong></span> <span class='ocrx_word' id='word_1_292' title='bbox 671 2654 771 2702; x_wconf 79' lang='lat' dir='ltr'><strong>habere.</strong></span> 
     </span>
    </p>

    <p class='ocr_par' dir='ltr' id='par_1_16' title="bbox 90 2721 1150 2907">
     <span class='ocr_line' id='line_1_35' title="bbox 121 2721 1150 2784; baseline 0.006 -15"><span class='ocrx_word' id='word_1_293' title='bbox 121 2722 231 2781; x_wconf 76' lang='lat' dir='ltr'><strong>llinupue</strong></span> <span class='ocrx_word' id='word_1_294' title='bbox 243 2721 311 2769; x_wconf 82' lang='lat' dir='ltr'><strong>disce</strong></span> <span class='ocrx_word' id='word_1_295' title='bbox 323 2722 418 2782; x_wconf 77' lang='lat' dir='ltr'><strong>primo,</strong></span> <span class='ocrx_word' id='word_1_296' title='bbox 434 2722 540 2770; x_wconf 73' lang='lat' dir='ltr'><strong>verbum</strong></span> <span class='ocrx_word' id='word_1_297' title='bbox 552 2723 594 2770; x_wconf 82' lang='lat' dir='ltr'><strong>Dei</strong></span> <span class='ocrx_word' id='word_1_298' title='bbox 604 2725 679 2769; x_wconf 85' lang='lat' dir='ltr'><strong>etiam</strong></span> <span class='ocrx_word' id='word_1_299' title='bbox 692 2725 873 2784; x_wconf 79' lang='lat' dir='ltr'><strong>purissimum,</strong></span> <span class='ocrx_word' id='word_1_300' title='bbox 883 2722 959 2782; x_wconf 79' lang='lat' dir='ltr'><strong>quale</strong></span> <span class='ocrx_word' id='word_1_301' title='bbox 978 2728 1034 2773; x_wconf 89' lang='lat' dir='ltr'><strong>erat</strong></span> <span class='ocrx_word' id='word_1_302' title='bbox 1043 2724 1073 2775; x_wconf 87' lang='lat' dir='ltr'><strong>l).</strong></span> <span class='ocrx_word' id='word_1_303' title='bbox 1082 2723 1150 2774; x_wconf 85' lang='lat' dir='ltr'><strong>Pauli</strong></span> 
     </span>
     <span class='ocr_line' id='line_1_36' title="bbox 90 2789 1150 2857; baseline 0.005 -17"><span class='ocrx_word' id='word_1_304' title='bbox 90 2789 269 2851; x_wconf 75' lang='lat' dir='ltr'><strong>Evangelium,</strong></span> <span class='ocrx_word' id='word_1_305' title='bbox 281 2790 370 2838; x_wconf 85' lang='lat' dir='ltr'><strong>debere</strong></span> <span class='ocrx_word' id='word_1_306' title='bbox 383 2792 416 2838; x_wconf 85' lang='lat' dir='ltr'><strong>ab</strong></span> <span class='ocrx_word' id='word_1_307' title='bbox 431 2790 549 2839; x_wconf 78' lang='lat' dir='ltr'><strong>Ecclesiae</strong></span> <span class='ocrx_word' id='word_1_308' title='bbox 560 2790 668 2852; x_wconf 72' lang='lat' dir='ltr'><strong>prelatis</strong></span> <span class='ocrx_word' id='word_1_309' title='bbox 679 2792 826 2854; x_wconf 70' lang='lat' dir='ltr'><strong>approbari,</strong></span> <span class='ocrx_word' id='word_1_310' title='bbox 837 2793 957 2852; x_wconf 81' lang='lat' dir='ltr'><strong>remique</strong></span> <span class='ocrx_word' id='word_1_311' title='bbox 967 2793 1013 2842; x_wconf 80' lang='lat' dir='ltr'><strong>liei</strong></span> <span class='ocrx_word' id='word_1_312' title='bbox 1025 2805 1150 2857; x_wconf 75' lang='lat' dir='ltr'><strong>praecones</strong></span> 
     </span>
     <span class='ocr_line' id='line_1_37' title="bbox 90 2857 493 2907; baseline 0 0"><span class='ocrx_word' id='word_1_313' title='bbox 90 2857 180 2907; x_wconf 85' lang='lat' dir='ltr'><strong>debere</strong></span> <span class='ocrx_word' id='word_1_314' title='bbox 190 2858 222 2906; x_wconf 84' lang='lat' dir='ltr'><strong>ab</strong></span> <span class='ocrx_word' id='word_1_315' title='bbox 238 2861 274 2907; x_wconf 85' lang='lat' dir='ltr'><strong>eis</strong></span> <span class='ocrx_word' id='word_1_316' title='bbox 285 2859 347 2907; x_wconf 85' lang='lat' dir='ltr'><strong>tales</strong></span> <span class='ocrx_word' id='word_1_317' title='bbox 362 2859 493 2907; x_wconf 84' lang='lat' dir='ltr'><strong>declarari.</strong></span> 
     </span>
    </p>

    <p class='ocr_par' dir='ltr' id='par_1_17' title="bbox 90 2927 1151 3120">
     <span class='ocr_line' id='line_1_38' title="bbox 120 2927 1151 2988; baseline 0.003 -13"><span class='ocrx_word' id='word_1_318' title='bbox 120 2927 189 2976; x_wconf 83' lang='lat' dir='ltr'><strong>liisee</strong></span> <span class='ocrx_word' id='word_1_319' title='bbox 199 2927 321 2983; x_wconf 76' lang='lat' dir='ltr'><strong>seeundo,</strong></span> <span class='ocrx_word' id='word_1_320' title='bbox 333 2941 364 2974; x_wconf 77' lang='lat' dir='ltr'><strong>er</strong></span> <span class='ocrx_word' id='word_1_321' title='bbox 373 2927 421 2974; x_wconf 85' lang='lat' dir='ltr'><strong>hoe.</strong></span> <span class='ocrx_word' id='word_1_322' title='bbox 433 2927 461 2974; x_wconf 87' lang='lat' dir='ltr'><strong>lt.</strong></span> <span class='ocrx_word' id='word_1_323' title='bbox 477 2927 546 2975; x_wconf 86' lang='lat' dir='ltr'><strong>Pauli</strong></span> <span class='ocrx_word' id='word_1_324' title='bbox 558 2927 712 2988; x_wconf 78' lang='lat' dir='ltr'><strong>laoto,qudd</strong></span> <span class='ocrx_word' id='word_1_325' title='bbox 722 2942 797 2977; x_wconf 75' lang='lat' dir='ltr'><strong>verns</strong></span> <span class='ocrx_word' id='word_1_326' title='bbox 805 2929 848 2978; x_wconf 86' lang='lat' dir='ltr'><strong>Ilei</strong></span> <span class='ocrx_word' id='word_1_327' title='bbox 859 2931 977 2978; x_wconf 89' lang='lat' dir='ltr'><strong>minister</strong></span> <span class='ocrx_word' id='word_1_328' title='bbox 987 2929 1056 2979; x_wconf 86' lang='lat' dir='ltr'><strong>nihil</strong></span> <span class='ocrx_word' id='word_1_329' title='bbox 1065 2929 1151 2980; x_wconf 82' lang='lat' dir='ltr'><strong>debeat</strong></span> 
     </span>
     <span class='ocr_line' id='line_1_39' title="bbox 90 2994 1150 3063; baseline 0.004 -19"><span class='ocrx_word' id='word_1_330' title='bbox 90 2998 205 3045; x_wconf 89' lang='lat' dir='ltr'><strong>omittere</strong></span> <span class='ocrx_word' id='word_1_331' title='bbox 217 3002 306 3056; x_wconf 87' lang='lat' dir='ltr'><strong>aptum</strong></span> <span class='ocrx_word' id='word_1_332' title='bbox 326 3001 395 3054; x_wconf 90' lang='lat' dir='ltr'><strong>operi</strong></span> <span class='ocrx_word' id='word_1_333' title='bbox 409 2995 452 3044; x_wconf 78' lang='lat' dir='ltr'><strong>liei</strong></span> <span class='ocrx_word' id='word_1_334' title='bbox 469 2997 656 3056; x_wconf 82' lang='lat' dir='ltr'><strong>plumul&#39;endu;</strong></span> <span class='ocrx_word' id='word_1_335' title='bbox 670 2998 713 3045; x_wconf 84' lang='lat' dir='ltr'><strong>sed</strong></span> <span class='ocrx_word' id='word_1_336' title='bbox 724 2998 792 3058; x_wconf 77' lang='lat' dir='ltr'><strong>quod</strong></span> <span class='ocrx_word' id='word_1_337' title='bbox 804 3002 891 3046; x_wconf 85' lang='lat' dir='ltr'><strong>omnia</strong></span> <span class='ocrx_word' id='word_1_338' title='bbox 906 3000 959 3046; x_wconf 88' lang='lat' dir='ltr'><strong>sint</strong></span> <span class='ocrx_word' id='word_1_339' title='bbox 968 2998 1002 3047; x_wconf 86' lang='lat' dir='ltr'><strong>ab</strong></span> <span class='ocrx_word' id='word_1_340' title='bbox 1012 3011 1060 3060; x_wconf 86' lang='lat' dir='ltr'><strong>eo,</strong></span> <span class='ocrx_word' id='word_1_341' title='bbox 1073 2994 1150 3063; x_wconf 80' lang='lat' dir='ltr'><strong>quan·</strong></span> 
     </span>
     <span class='ocr_line' id='line_1_40' title="bbox 91 3064 856 3120; baseline 0.004 -7"><span class='ocrx_word' id='word_1_342' title='bbox 91 3066 147 3113; x_wconf 82' lang='lat' dir='ltr'><strong>tum</strong></span> <span class='ocrx_word' id='word_1_343' title='bbox 161 3066 198 3113; x_wconf 83' lang='lat' dir='ltr'><strong>lus</strong></span> <span class='ocrx_word' id='word_1_344' title='bbox 209 3072 263 3120; x_wconf 85' lang='lat' dir='ltr'><strong>est,</strong></span> <span class='ocrx_word' id='word_1_345' title='bbox 277 3064 365 3112; x_wconf 85' lang='lat' dir='ltr'><strong>salutis</strong></span> <span class='ocrx_word' id='word_1_346' title='bbox 380 3067 524 3114; x_wconf 86' lang='lat' dir='ltr'><strong>animarum</strong></span> <span class='ocrx_word' id='word_1_347' title='bbox 537 3066 665 3115; x_wconf 73' lang='lat' dir='ltr'><strong>olrstucula</strong></span> <span class='ocrx_word' id='word_1_348' title='bbox 676 3068 856 3116; x_wconf 73' lang='lat' dir='ltr'><strong>submovenda.</strong></span> 
     </span>
    </p>

    <p class='ocr_par' dir='ltr' id='par_1_18' title="bbox 90 3131 1150 3539">
     <span class='ocr_line' id='line_1_41' title="bbox 122 3131 1150 3195; baseline 0.007 -15"><span class='ocrx_word' id='word_1_349' title='bbox 122 3132 245 3191; x_wconf 77' lang='lat' dir='ltr'><strong>lienique,</strong></span> <span class='ocrx_word' id='word_1_350' title='bbox 255 3144 285 3178; x_wconf 76' lang='lat' dir='ltr'><strong>ex</strong></span> <span class='ocrx_word' id='word_1_351' title='bbox 303 3131 351 3178; x_wconf 85' lang='lat' dir='ltr'><strong>hoe-</strong></span> <span class='ocrx_word' id='word_1_352' title='bbox 361 3131 388 3179; x_wconf 87' lang='lat' dir='ltr'><strong>ll.</strong></span> <span class='ocrx_word' id='word_1_353' title='bbox 400 3132 470 3179; x_wconf 83' lang='lat' dir='ltr'><strong>Pauli</strong></span> <span class='ocrx_word' id='word_1_354' title='bbox 480 3170 487 3191; x_wconf 90' lang='lat'><strong>,</strong></span> <span class='ocrx_word' id='word_1_355' title='bbox 497 3140 525 3180; x_wconf 91' lang='lat' dir='ltr'><strong>ut</strong></span> <span class='ocrx_word' id='word_1_356' title='bbox 539 3134 752 3183; x_wconf 85' lang='lat' dir='ltr'><strong>Antiochenorum</strong></span> <span class='ocrx_word' id='word_1_357' title='bbox 767 3136 887 3195; x_wconf 78' lang='lat' dir='ltr'><strong>delegati,</strong></span> <span class='ocrx_word' id='word_1_358' title='bbox 903 3147 1012 3186; x_wconf 83' lang='lat' dir='ltr'><strong>recursu</strong></span> <span class='ocrx_word' id='word_1_359' title='bbox 1025 3136 1059 3186; x_wconf 84' lang='lat' dir='ltr'><strong>ad</strong></span> <span class='ocrx_word' id='word_1_360' title='bbox 1071 3138 1150 3187; x_wconf 85' lang='lat' dir='ltr'><strong>oonel·</strong></span> 
     </span>
     <span class='ocr_line' id='line_1_42' title="bbox 91 3199 1149 3267; baseline 0.005 -17"><span class='ocrx_word' id='word_1_361' title='bbox 91 3200 155 3250; x_wconf 88' lang='lat' dir='ltr'><strong>lium</strong></span> <span class='ocrx_word' id='word_1_362' title='bbox 166 3199 401 3262; x_wconf 65' lang='lat' dir='ltr'><strong>ierosolymitanum</strong></span> <span class='ocrx_word' id='word_1_363' title='bbox 413 3238 420 3260; x_wconf 91' lang='lat'><strong>,</strong></span> <span class='ocrx_word' id='word_1_364' title='bbox 432 3204 472 3251; x_wconf 83' lang='lat' dir='ltr'><strong>cui</strong></span> <span class='ocrx_word' id='word_1_365' title='bbox 485 3208 590 3264; x_wconf 76' lang='lat' dir='ltr'><strong>praerat</strong></span> <span class='ocrx_word' id='word_1_366' title='bbox 603 3204 632 3265; x_wconf 72' lang='lat' dir='ltr'><strong>lt.</strong></span> <span class='ocrx_word' id='word_1_367' title='bbox 648 3205 752 3261; x_wconf 79' lang='lat' dir='ltr'><strong>Petrus,</strong></span> <span class='ocrx_word' id='word_1_368' title='bbox 765 3206 831 3254; x_wconf 84' lang='lat' dir='ltr'><strong>disce</strong></span> <span class='ocrx_word' id='word_1_369' title='bbox 849 3205 917 3265; x_wconf 81' lang='lat' dir='ltr'><strong>quod</strong></span> <span class='ocrx_word' id='word_1_370' title='bbox 932 3205 965 3254; x_wconf 82' lang='lat' dir='ltr'><strong>al)</strong></span> <span class='ocrx_word' id='word_1_371' title='bbox 976 3203 1149 3267; x_wconf 76' lang='lat' dir='ltr'><strong>Apostolorum</strong></span> 
     </span>
     <span class='ocr_line' id='line_1_43' title="bbox 90 3269 1149 3336; baseline 0.006 -18"><span class='ocrx_word' id='word_1_372' title='bbox 90 3273 218 3331; x_wconf 88' lang='lat' dir='ltr'><strong>tempore,</strong></span> <span class='ocrx_word' id='word_1_373' title='bbox 233 3281 310 3329; x_wconf 81' lang='lat' dir='ltr'><strong>usqua</strong></span> <span class='ocrx_word' id='word_1_374' title='bbox 325 3269 357 3317; x_wconf 86' lang='lat' dir='ltr'><strong>ad</strong></span> <span class='ocrx_word' id='word_1_375' title='bbox 367 3275 496 3330; x_wconf 81' lang='lat' dir='ltr'><strong>nostrum,</strong></span> <span class='ocrx_word' id='word_1_376' title='bbox 506 3273 532 3318; x_wconf 92' lang='lat' dir='ltr'><strong>in</strong></span> <span class='ocrx_word' id='word_1_377' title='bbox 545 3271 601 3320; x_wconf 84' lang='lat' dir='ltr'><strong>iidoi</strong></span> <span class='ocrx_word' id='word_1_378' title='bbox 616 3272 716 3328; x_wconf 85' lang='lat' dir='ltr'><strong>dubiis,</strong></span> <span class='ocrx_word' id='word_1_379' title='bbox 728 3285 858 3321; x_wconf 66' lang='lat' dir='ltr'><strong>recursum</strong></span> <span class='ocrx_word' id='word_1_380' title='bbox 870 3272 951 3322; x_wconf 86' lang='lat' dir='ltr'><strong>estad</strong></span> <span class='ocrx_word' id='word_1_381' title='bbox 967 3273 1072 3323; x_wconf 85' lang='lat' dir='ltr'><strong>Petrum</strong></span> <span class='ocrx_word' id='word_1_382' title='bbox 1085 3278 1149 3336; x_wconf 75' lang='lat' dir='ltr'><strong>eius-</strong></span> 
     </span>
     <span class='ocr_line' id='line_1_44' title="bbox 90 3338 1148 3405; baseline 0.007 -21"><span class='ocrx_word' id='word_1_383' title='bbox 90 3349 140 3399; x_wconf 82' lang='lat' dir='ltr'><strong>que</strong></span> <span class='ocrx_word' id='word_1_384' title='bbox 155 3350 322 3396; x_wconf 70' lang='lat' dir='ltr'><strong>sirooessores,</strong></span> <span class='ocrx_word' id='word_1_385' title='bbox 335 3345 359 3385; x_wconf 86' lang='lat' dir='ltr'><strong>et</strong></span> <span class='ocrx_word' id='word_1_386' title='bbox 378 3338 410 3386; x_wconf 85' lang='lat' dir='ltr'><strong>ad</strong></span> <span class='ocrx_word' id='word_1_387' title='bbox 429 3339 537 3389; x_wconf 83' lang='lat' dir='ltr'><strong>concilia</strong></span> <span class='ocrx_word' id='word_1_388' title='bbox 550 3342 643 3400; x_wconf 80' lang='lat' dir='ltr'><strong>ouibus</strong></span> <span class='ocrx_word' id='word_1_389' title='bbox 657 3346 769 3403; x_wconf 69' lang='lat' dir='ltr'><strong>praesunt</strong></span> <span class='ocrx_word' id='word_1_390' title='bbox 781 3354 826 3402; x_wconf 90' lang='lat' dir='ltr'><strong>per</strong></span> <span class='ocrx_word' id='word_1_391' title='bbox 841 3355 868 3389; x_wconf 90' lang='lat' dir='ltr'><strong>se</strong></span> <span class='ocrx_word' id='word_1_392' title='bbox 882 3341 924 3390; x_wconf 81' lang='lat' dir='ltr'><strong>rel</strong></span> <span class='ocrx_word' id='word_1_393' title='bbox 939 3355 985 3404; x_wconf 90' lang='lat' dir='ltr'><strong>per</strong></span> <span class='ocrx_word' id='word_1_394' title='bbox 1001 3342 1112 3405; x_wconf 82' lang='lat' dir='ltr'><strong>legatos,</strong></span> <span class='ocrx_word' id='word_1_395' title='bbox 1123 3344 1148 3392; x_wconf 88' lang='lat' dir='ltr'><strong>ul</strong></span> 
     </span>
     <span class='ocr_line' id='line_1_45' title="bbox 90 3406 1148 3472; baseline 0.004 -16"><span class='ocrx_word' id='word_1_396' title='bbox 90 3408 183 3456; x_wconf 73' lang='lat' dir='ltr'><strong>veritos</strong></span> <span class='ocrx_word' id='word_1_397' title='bbox 193 3406 225 3454; x_wconf 81' lang='lat' dir='ltr'><strong>ub</strong></span> <span class='ocrx_word' id='word_1_398' title='bbox 238 3408 274 3455; x_wconf 87' lang='lat' dir='ltr'><strong>eis</strong></span> <span class='ocrx_word' id='word_1_399' title='bbox 292 3407 446 3456; x_wconf 80' lang='lat' dir='ltr'><strong>decideretur</strong></span> <span class='ocrx_word' id='word_1_400' title='bbox 460 3427 467 3456; x_wconf 74' lang='grc' dir='ltr'><strong><em>ε</em></strong></span> <span class='ocrx_word' id='word_1_401' title='bbox 482 3410 615 3471; x_wconf 71' lang='lat' dir='ltr'><strong>quipiam</strong></span> <span class='ocrx_word' id='word_1_402' title='bbox 628 3412 748 3472; x_wconf 73' lang='lat' dir='ltr'><strong>perpetui</strong></span> <span class='ocrx_word' id='word_1_403' title='bbox 759 3410 910 3472; x_wconf 77' lang='lat' dir='ltr'><strong>jugulamur</strong></span> <span class='ocrx_word' id='word_1_404' title='bbox 922 3423 1014 3461; x_wconf 86' lang='lat' dir='ltr'><strong>omnes</strong></span> <span class='ocrx_word' id='word_1_405' title='bbox 1032 3415 1148 3463; x_wconf 78' lang='lat' dir='ltr'><strong>novantee</strong></span> 
     </span>
     <span class='ocr_line' id='line_1_46' title="bbox 91 3474 499 3539; baseline 0.002 -14"><span class='ocrx_word' id='word_1_406' title='bbox 91 3474 123 3525; x_wconf 87' lang='lat' dir='ltr'><strong>ab</strong></span> <span class='ocrx_word' id='word_1_407' title='bbox 137 3474 244 3523; x_wconf 72' lang='lat' dir='ltr'><strong>Ecclesia</strong></span> <span class='ocrx_word' id='word_1_408' title='bbox 256 3487 353 3537; x_wconf 84' lang='lat' dir='ltr'><strong>semper</strong></span> <span class='ocrx_word' id='word_1_409' title='bbox 365 3477 499 3539; x_wconf 78' lang='lat' dir='ltr'><strong>reprobati.</strong></span> 
     </span>
    </p>

    <p class='ocr_par' dir='ltr' id='par_1_19' title="bbox 121 3547 1146 3621">
     <span class='ocr_line' id='line_1_47' title="bbox 121 3547 1146 3621; baseline 0.004 -14"><span class='ocrx_word' id='word_1_410' title='bbox 121 3559 145 3607; x_wconf 79' lang='lat' dir='ltr'><strong>d.</strong></span> <span class='ocrx_word' id='word_1_411' title='bbox 155 3557 202 3606; x_wconf 74' lang='lat' dir='ltr'><strong>Sed</strong></span> <span class='ocrx_word' id='word_1_412' title='bbox 210 3548 286 3618; x_wconf 67' lang='lat' dir='ltr'><strong>orode</strong></span> <span class='ocrx_word' id='word_1_413' title='bbox 301 3559 398 3607; x_wconf 77' lang='lat' dir='ltr'><strong>litus...</strong></span> <span class='ocrx_word' id='word_1_414' title='bbox 407 3558 451 3608; x_wconf 84' lang='lat' dir='ltr'><strong>hio</strong></span> <span class='ocrx_word' id='word_1_415' title='bbox 466 3561 555 3621; x_wconf 73' lang='lat' dir='ltr'><strong>incipit</strong></span> <span class='ocrx_word' id='word_1_416' title='bbox 567 3560 672 3621; x_wconf 83' lang='lat' dir='ltr'><strong>probare</strong></span> <span class='ocrx_word' id='word_1_417' title='bbox 683 3561 803 3612; x_wconf 78' lang='lat' dir='ltr'><strong>doetrinae</strong></span> <span class='ocrx_word' id='word_1_418' title='bbox 813 3575 866 3612; x_wconf 81' lang='lat' dir='ltr'><strong>sua</strong></span> <span class='ocrx_word' id='word_1_419' title='bbox 876 3547 1084 3615; x_wconf 75' lang='lat' dir='ltr'><strong>eonlormitatem</strong></span> <span class='ocrx_word' id='word_1_420' title='bbox 1093 3572 1146 3614; x_wconf 84' lang='lat' dir='ltr'><strong>oum</strong></span> 
     </span>
    </p>
   </div>
   <div class='ocr_carea' id='block_1_9' title="bbox 90 3624 1146 3756">
    <p class='ocr_par' dir='ltr' id='par_1_20' title="bbox 90 3624 1146 3756">
     <span class='ocr_line' id='line_1_48' title="bbox 90 3624 1146 3693; baseline 0.005 -16"><span class='ocrx_word' id='word_1_421' title='bbox 90 3624 198 3677; x_wconf 84' lang='lat' dir='ltr'><strong>ultorum</strong></span> <span class='ocrx_word' id='word_1_422' title='bbox 212 3625 386 3687; x_wconf 77' lang='lat' dir='ltr'><strong>Apostolorum</strong></span> <span class='ocrx_word' id='word_1_423' title='bbox 400 3628 515 3677; x_wconf 83' lang='lat' dir='ltr'><strong>doctrina</strong></span> <span class='ocrx_word' id='word_1_424' title='bbox 529 3648 536 3676; x_wconf 72' lang='grc' dir='ltr'><strong>ε</strong></span> <span class='ocrx_word' id='word_1_425' title='bbox 549 3641 656 3690; x_wconf 80' lang='lat' dir='ltr'><strong>eamque</strong></span> <span class='ocrx_word' id='word_1_426' title='bbox 674 3632 779 3693; x_wconf 86' lang='lat' dir='ltr'><strong>probat,</strong></span> <span class='ocrx_word' id='word_1_427' title='bbox 792 3631 875 3693; x_wconf 85' lang='lat' dir='ltr'><strong>primo</strong></span> <span class='ocrx_word' id='word_1_428' title='bbox 888 3644 920 3680; x_wconf 85' lang='lat' dir='ltr'><strong>ex</strong></span> <span class='ocrx_word' id='word_1_429' title='bbox 933 3633 1002 3684; x_wconf 83' lang='lat' dir='ltr'><strong>laeto</strong></span> <span class='ocrx_word' id='word_1_430' title='bbox 1020 3633 1054 3682; x_wconf 89' lang='lat' dir='ltr'><strong>ad</strong></span> <span class='ocrx_word' id='word_1_431' title='bbox 1069 3634 1146 3683; x_wconf 81' lang='lat' dir='ltr'><strong>Titum</strong></span> 
     </span>
     <span class='ocr_line' id='line_1_49' title="bbox 91 3696 656 3756; baseline 0.002 -11"><span class='ocrx_word' id='word_1_432' title='bbox 91 3696 210 3745; x_wconf 80' lang='lat' dir='ltr'><strong>comiteur</strong></span> <span class='ocrx_word' id='word_1_433' title='bbox 223 3707 298 3743; x_wconf 82' lang='lat' dir='ltr'><strong>anum</strong></span> <span class='ocrx_word' id='word_1_434' title='bbox 309 3701 451 3756; x_wconf 82' lang='lat' dir='ltr'><strong>spectante,</strong></span> <span class='ocrx_word' id='word_1_435' title='bbox 460 3698 532 3755; x_wconf 78' lang='lat' dir='ltr'><strong>quasi</strong></span> <span class='ocrx_word' id='word_1_436' title='bbox 543 3697 637 3746; x_wconf 78' lang='lat' dir='ltr'><strong>diceret</strong></span> <span class='ocrx_word' id='word_1_437' title='bbox 648 3717 656 3746; x_wconf 72' lang='lat' dir='ltr'><strong>r</strong></span> 
     </span>
    </p>
   </div>
   <div class='ocr_carea' id='block_1_10' title="bbox 121 3761 1143 3829">
    <p class='ocr_par' dir='ltr' id='par_1_21' title="bbox 121 3761 1143 3829">
     <span class='ocr_line' id='line_1_50' title="bbox 121 3761 1143 3829; baseline 0.007 -18"><span class='ocrx_word' id='word_1_438' title='bbox 121 3761 172 3823; x_wconf 73' lang='lat' dir='ltr'><strong>Epo</strong></span> <span class='ocrx_word' id='word_1_439' title='bbox 184 3775 315 3825; x_wconf 74' lang='lat' dir='ltr'><strong>piorsrrusus</strong></span> <span class='ocrx_word' id='word_1_440' title='bbox 331 3764 361 3811; x_wconf 83' lang='lat' dir='ltr'><strong>de.</strong></span> <span class='ocrx_word' id='word_1_441' title='bbox 380 3763 496 3823; x_wconf 74' lang='lat' dir='ltr'><strong>legalium</strong></span> <span class='ocrx_word' id='word_1_442' title='bbox 508 3766 682 3815; x_wconf 82' lang='lat' dir='ltr'><strong>insutileienila</strong></span> <span class='ocrx_word' id='word_1_443' title='bbox 698 3768 723 3815; x_wconf 89' lang='lat' dir='ltr'><strong>et</strong></span> <span class='ocrx_word' id='word_1_444' title='bbox 734 3766 870 3816; x_wconf 86' lang='lat' dir='ltr'><strong>inutilitate</strong></span> <span class='ocrx_word' id='word_1_445' title='bbox 884 3767 1143 3829; x_wconf 80' lang='lat' dir='ltr'><strong>adjusutcattonen,</strong></span> 
     </span>
    </p>
   </div>
   <div class='ocr_carea' id='block_1_11' title="bbox 92 3828 1142 3949">
    <p class='ocr_par' dir='ltr' id='par_1_22' title="bbox 92 3828 1142 3949">
     <span class='ocr_line' id='line_1_51' title="bbox 92 3828 1142 3902; baseline 0.013 -23"><span class='ocrx_word' id='word_1_446' title='bbox 92 3828 175 3881; x_wconf 80' lang='lat' dir='ltr'><strong>utum</strong></span> <span class='ocrx_word' id='word_1_447' title='bbox 184 3844 214 3880; x_wconf 72' lang='lat' dir='ltr'><strong>ni</strong></span> <span class='ocrx_word' id='word_1_448' title='bbox 225 3837 329 3892; x_wconf 83' lang='lat' dir='ltr'><strong>utroquo</strong></span> <span class='ocrx_word' id='word_1_449' title='bbox 342 3838 445 3893; x_wconf 75' lang='lat' dir='ltr'><strong>potente</strong></span> <span class='ocrx_word' id='word_1_450' title='bbox 456 3834 621 3896; x_wconf 74' lang='lat' dir='ltr'><strong>pontilem,et</strong></span> <span class='ocrx_word' id='word_1_451' title='bbox 632 3837 688 3886; x_wconf 88' lang='lat' dir='ltr'><strong>ideo</strong></span> <span class='ocrx_word' id='word_1_452' title='bbox 695 3837 919 3902; x_wconf 80' lang='lat' dir='ltr'><strong>incircumcisum,</strong></span> <span class='ocrx_word' id='word_1_453' title='bbox 926 3851 1056 3901; x_wconf 80' lang='lat' dir='ltr'><strong>nunquam</strong></span> <span class='ocrx_word' id='word_1_454' title='bbox 1066 3843 1142 3893; x_wconf 67' lang='lat' dir='ltr'><strong>mutel</strong></span> 
     </span>
     <span class='ocr_line' id='line_1_52' title="bbox 93 3892 411 3949; baseline 0.003 -2"><span class='ocrx_word' id='word_1_455' title='bbox 93 3892 153 3949; x_wconf 73' lang='lat' dir='ltr'><strong>dull</strong></span> <span class='ocrx_word' id='word_1_456' title='bbox 168 3897 411 3949; x_wconf 79' lang='lat' dir='ltr'><strong>circumcidendum.</strong></span> 
     </span>
    </p>
   </div>
   <div class='ocr_carea' id='block_1_12' title="bbox 0 0 1264 4424">
    <p class='ocr_par' dir='ltr' id='par_1_23' title="bbox 0 0 1264 4424">
     <span class='ocr_line' id='line_1_53' title="bbox 0 0 1264 4424; baseline 0 0"><span class='ocrx_word' id='word_1_457' title='bbox 0 0 1264 4424; x_wconf 95' lang='lat' dir='ltr'><strong> </strong></span> 
     </span>
    </p>
   </div>
  </div>
 </body>
</html>
