2512 4424
342 305 512 362 unirent
529 309 752 366 expositio.
772 312 858 367 Chi).
878 316 935 366 tii.
1116 315 1173 369 2¹5

140 393 187 448 at.
197 397 295 463 ltaqtm
311 399 359 467 ,lex
378 402 547 470 paidagogus
598 404 685 466 ltaque
700 405 740 455 lex
753 406 879 469 pedagogi
892 406 967 455 nobis
981 403 1063 456 ethelo
1081 404 1169 458 taneta

105 477 200 525 riom
211 473 264 529 fuit
277 475 307 527 in
322 475 429 531 christo
443 494 451 532 t
470 485 502 531 ur
513 493 545 533 εχ
569 474 606 520 est
617 491 624 521 ι
637 485 684 522 nos
700 473 784 522 adhuc
799 473 918 535 parvulos
928 474 943 522 a
954 474 1025 523 vitiis
1037 476 1169 534 coercuit,

567 539 768 672 auehe
783 541 1170 672 caesurarum

567 678 635 737 tem,
655 681 727 738 quasi
749 692 827 728 mann
847 678 931 740 duxlt,
949 683 978 728 ut
997 683 1101 741 exejus
1118 679 1168 730 tlde

564 746 690 803 justitiam
707 759 881 808 assequamur.

137 805 184 858 25.
198 806 233 857 it
244 806 293 859 ubl
304 808 378 861 venlt
389 808 457 863 fides
467 850 474 875 ‚
486 809 544 878 iam
596 813 731 875 Postquam
743 822 830 864 autem
842 815 875 864 ad
886 815 1016 865 Christum
1032 827 1077 878 per
1090 815 1166 868 tidem

103 895 160 935 non
176 896 274 935 wmus
283 884 336 937 sui)
344 886 507 956 poedagogo,
567 882 703 934 introducti
715 885 933 942 sumne.ceseav1t
944 883 1084 946 pedagogia
1095 883 1166 946 ieme.

132 1060 173 1107 at.
189 1060 276 1120 ltaque
296 1059 334 1108 lec
347 1063 501 1126 poedcpopes
518 1066 546 1114 io
560 1065 666 1114 Christo.
685 1065 728 1114 Gr.
739 1067 782 1125 ιἰι,
794 1079 839 1116 seu
860 1067 894 1116 od
910 1066 1048 1116 Christum.
1063 1066 1118 1129 Syr.
1132 1067 1165 1119 ad

102 1125 245 1188 Christum,
266 1126 293 1175 ld
308 1133 362 1186 est,
374 1128 422 1179 tuit
438 1133 510 1182 nohis
524 1135 604 1182 instar
623 1133 765 1196 pedagogi,
783 1140 853 1184 metu
873 1146 954 1198 pona
968 1147 1077 1198 puerum
1095 1147 1166 1186 coer-

102 1197 181 1245 centis
195 1195 263 1245 etad
274 1202 453 1259 praeceptorem
468 1201 594 1250 ducentis.
1201 1233 1203 1237 ·

129 1264 281 1327 l‘aedagogus
293 1265 386 1315 dicitur
404 1271 439 1328 ls,
450 1271 493 1330 qul
510 1283 588 1331 puero
601 1269 675 1319 datur
691 1271 742 1320 dux
752 1273 778 1321 et
788 1277 885 1332 citatos,
901 1274 945 1335 qul
962 1283 1071 1335 puerum
1081 1274 1163 1334 regat,

101 1335 199 1384 avitiis
215 1339 342 1394 coerceat,
353 1338 491 1400 primisque
506 1338 604 1388 imbuat
622 1337 770 1401 clementis,
784 1340 865 1391 donec
880 1346 913 1391 ad
928 1346 1106 1405 preceptorem
1119 1340 1165 1391 du·

102 1408 173 1454 catur
186 1404 367 1454 instituendus.

129 1474 202 1524 Sient
219 1479 305 1523 autem
319 1477 464 1536 preceptori
479 1489 530 1526 non
544 1476 690 1527 adversatur
707 1478 870 1542 pedagogus,
890 1480 933 1530 sed
955 1479 1028 1529 illum
1045 1478 1162 1540 adiuvat,

101 1557 188 1593 arcens
199 1543 384 1594 adolescentem
396 1545 507 1595 ahumai
517 1548 596 1605 vitio,
609 1546 731 1609 illumque
744 1547 850 1598 reddens
864 1547 985 1598 idoneum
995 1548 1163 1612 percipiendis

100 1624 154 1676 pute
166 1612 246 1662 tradit
256 1616 394 1675 praeceptor
406 1626 413 1660 ι
426 1614 461 1663 lta
472 1613 513 1664 lex
524 1617 684 1678 promissioni
699 1629 750 1666 non
763 1618 891 1667 contraria
904 1617 968 1678 tuit,
980 1618 1032 1669 lind
1046 1618 1079 1669 ad
1092 1617 1162 1668 itiam

100 1681 288 1746 percipiendam
299 1685 465 1746 purpuravit,
478 1696 508 1733 ex
519 1684 548 1733 l).
562 1684 749 1746 chrysostomo.

128 1767 168 1815 25.
181 1767 213 1814 it
222 1764 269 1814 ubi
278 1766 345 1813 uenit
358 1764 448 1826 fides...
460 1767 526 1815 sieut
537 1767 596 1816 crim
610 1768 713 1817 advenit
722 1771 859 1829 praeceptor
868 1803 875 1828 ,
885 1767 990 1816 discedit
1001 1766 1161 1830 pedagogum

99 1839 165 1884 sicut
178 1840 234 1884 orto
250 1835 302 1884 sole
319 1835 417 1884 inutilis
434 1839 471 1885 cst
492 1835 618 1887 lucerna:
636 1840 670 1886 ita
682 1836 726 1885 uhi
740 1839 857 1897 magister
876 1850 906 1885 ac
928 1839 1065 1898 praeceptor
1081 1833 1161 1882 adluit

99 1905 229 1965 Christus,
241 1906 348 1954 cessavit
359 1904 498 1966 paedagogia
510 1905 585 1967 legis,
599 1908 730 1967 omnisque
742 1907 821 1968 ipsius
831 1906 976 1954 auctoritas.

126 1986 335 2036 Orsuavarrouns
348 1997 496 2037 oocuirrca
510 2001 542 2036 nr
554 1999 716 2037 noricus·
724 1986 762 2036 Ex
772 1987 845 2036 dictis
855 1988 881 2034 in
892 1987 1014 2048 superiori
1022 1984 1159 2045 versiculo,

98 2055 185 2116 collige
199 2055 296 2116 primo,
313 2053 381 2115 quod
395 2054 456 2104 tides
474 2058 501 2104 tn
518 2056 663 2116 Christum,
675 2067 719 2105 scu
739 2054 941 2105 christianismus
953 2053 1030 2104 tuerit
1045 2055 1160 2103 omnium

98 2123 253 2175 seculorum.

126 2193 242 2243 Christus
257 2195 316 2242 ante
333 2205 409 2243 suum
422 2193 577 2253 adventum,
593 2195 660 2242 sicut
673 2195 780 2253 etpost,
795 2191 842 2242 tuit
855 2195 879 2242 et
895 2195 932 2242 cst
944 2193 1034 2241 unicus
1049 2189 1105 2239 tons
1118 2202 1159 2239 sa-

97 2262 156 2311 lutis
167 2280 174 2311 z
187 2261 258 2310 nulla
278 2260 325 2309 tuit
340 2274 452 2321 unquam
468 2261 552 2320 salus,
568 2263 617 2310 uisi
633 2274 677 2323 per
692 2260 770 2310 iidem
785 2263 811 2309 ln
831 2262 929 2323 ipsum,
945 2272 989 2311 scu
1007 2262 1157 2318 venturum,

97 2345 139 2382 seu
151 2333 207 2391 jam
220 2332 398 2379 incarnatum:
411 2331 459 2378 Nec
474 2332 538 2378 caim
552 2330 625 2380 clirici
641 2344 729 2378 nomen
746 2336 780 2379 est
790 2329 838 2378 sab
855 2329 914 2378 coelo
929 2330 1025 2378 dotum.

125 2401 242 2451 Christus
263 2400 401 2461 promissus
417 2403 442 2447 et
453 2403 588 2460 venturus,
602 2399 720 2448 continue
740 2403 794 2448 erat
810 2400 968 2461 aspiciendus
982 2399 997 2447 a
1011 2396 1113 2458 ludaeo,
1130 2402 1159 2446 ut

94 2470 284 2532 iustificare-tur.

125 2540 242 2590 christus
253 2539 415 2598 incarnatus,
426 2535 561 2585 crucifixus
574 2549 603 2586 ac
619 2548 664 2599 pro
676 2537 749 2586 nohis
765 2541 896 2597 mortuus,
911 2535 1031 2600 perpetuo
1042 2537 1079 2584 cst
1091 2537 1158 2596 aspi-

96 2609 201 2660 ciendus
217 2608 232 2656 i
246 2606 388 2657 Christiano
398 2625 405 2665 ;
417 2609 442 2655 ct
457 2619 501 2668 per
518 2608 596 2668 ipsius
612 2607 700 2656 merita
715 2619 813 2671 semper
828 2607 961 2668 quaerenda
978 2609 1004 2655 et
1016 2603 1157 2654 invocanda

95 2680 138 2729 liei
152 2676 327 2728 misericordia
338 2711 344 2735 ,
359 2678 388 2723 ut
399 2673 534 2725 salvemur.

124 2747 244 2806 tudam,
263 2745 324 2806 legis
341 2748 520 2804 transgressor,
535 2745 556 2793 sl
574 2754 626 2792 suae
646 2744 764 2792 conscius
780 2743 950 2804 intlrmltatls,
964 2741 1155 2798 humiliaretur;

94 2819 225 2881 legemque
244 2815 292 2864 sihi
309 2827 360 2863 non
373 2815 486 2863 sutilcere
502 2816 629 2870 sentiens.
646 2813 845 2862 miserIcordlam
859 2813 1001 2864 Mediatorls
1016 2814 1155 2869 invocaret,

95 2884 297 2940 miscricordiam
309 2883 516 2944 consequebatur.
544 2923 546 2927 .

123 2957 284 3006 christianus
301 2957 430 3014 peccator,
443 2948 464 3001 'sl
477 2951 640 3011 humilietur,
653 2954 674 3000 sl
691 2963 717 3000 sc
737 2954 893 3015 peecatorem
904 2949 1009 2998 humilis
1019 2953 1154 3010 agnoscat:

96 3031 116 3078 si
133 3039 209 3077 suam
226 3023 339 3071 sentiens
355 3023 542 3081 impotentiam,
559 3021 694 3069 salvatoris
712 3019 835 3069 auxilinm
855 3019 985 3080 imploret5
999 3020 1020 3066 st
1031 3018 1059 3065 in
1072 3018 1154 3078 ipsum

95 3107 198 3158 sperans
209 3129 216 3152 ,
226 3090 258 3139 ad
271 3094 428 3138 sacramenta
439 3124 445 3148 ,
457 3088 592 3137 Salvatorls
601 3088 697 3148 tontes,
708 3091 836 3147 recurrat,
846 3089 872 3135 in
886 3087 926 3135 his
935 3086 1045 3134 lontibus
1055 3084 1155 3134 hauriet

95 3180 108 3216 a
127 3178 173 3214 aas
183 3162 282 3212 salutis.
1017 3174 1019 3178 ⁴

109 3179 171 3284 qllht
185 3231 267 3282 ohitor
282 3231 341 3278 neta
352 3264 360 3287 ,
371 3226 438 3288 quad
453 3228 519 3275 sicut
535 3225 651 3288 superbia
663 3228 701 3274 est
718 3227 822 3275 initium
838 3226 920 3273 omnis
931 3223 1026 3284 peccati
1040 3241 1047 3271 ε
1060 3223 1093 3271 tta
1106 3223 1154 3271 hu·

95 3303 189 3352 militas
204 3299 289 3347 omnis
305 3297 364 3345 boni
377 3295 457 3343 :adeo
478 3296 618 3342 necessaria
635 3297 672 3342 est
687 3293 785 3342 homini
800 3292 869 3354 lapso
885 3289 1031 3350 humilitas,
1044 3294 1073 3338 ut
1090 3290 1155 3340 Deus

94 3371 224 3434 permittat
237 3366 353 3415 omnium
373 3362 497 3410 malorum
514 3361 778 3420 maximum,scilloet
791 3364 941 3422 peccatum,
960 3362 989 3407 ut
1006 3357 1155 3408 humilictur

95 3441 229 3502 peccator,
241 3438 267 3484 et
279 3431 428 3482 humiliatus
440 3431 472 3480 ad
482 3429 672 3492 Redempterem
688 3433 802 3477 recurrat
812 3433 838 3476 et
850 3425 957 3477 salutem
969 3431 1151 3488 consequatur:

96 3508 120 3557 id
135 3509 206 3569 patet
224 3506 252 3553 tn
267 3500 410 3562 jamdictis
427 3499 459 3548 de
478 3499 564 3548 ludaeo
578 3504 604 3549 et
621 3497 772 3547 Christiano.
1080 3509 1083 3514 ·

123 3577 156 3626 Et
173 3575 235 3636 quia
251 3571 328 3630 tides,
342 3581 387 3619 seu
397 3568 725 3630 christianismusomnium
741 3565 790 3615 tuit
803 3562 960 3624 seculorum;
971 3563 1032 3612 hinc
1047 3574 1154 3624 agnosce

97 3646 239 3696 mrahttem
251 3641 321 3690 illam
330 3640 422 3710 veteris
435 3641 461 3687 et
477 3640 536 3688 nori
549 3637 693 3688 testamenti
710 3636 927 3692 convenientiam,
942 3637 971 3681 ut
987 3645 1067 3680 unum
1077 3631 1152 3680 ducat

96 3715 304 3834 adlssllffirrulhlin'tuit
320 3778 392 3839 quasi
407 3775 532 3838 religionis
545 3777 664 3839 pueritia,
676 3763 820 3825 meandum
829 3769 941 3839 ejusdem
959 3768 1083 3829 religionis
1093 3770 1153 3816 atas

98 3851 197 3910 adulta,
210 3861 255 3899 seu
269 3845 398 3909 perfectio.

125 3920 241 3970 Primum
254 3916 325 3981 quast
338 3917 422 3991 eottm
432 3919 458 3962 et
470 3910 583 3963 velamen
601 3910 721 3972 secundm
733 3907 873 3962 secundum
885 3907 970 3955 autem
981 3899 1058 3965 primi
1072 3897 1153 3962 cipli·

98 3989 170 4040 tatio.
