<?xml version="1.0" encoding="UTF-8"?>
<!DOCTYPE html PUBLIC "-//W3C//DTD XHTML 1.0 Transitional//EN"
    "http://www.w3.org/TR/xhtml1/DTD/xhtml1-transitional.dtd">
<html xmlns="http://www.w3.org/1999/xhtml" xml:lang="en" lang="en">
 <head>
  <title>
</title>
<meta http-equiv="Content-Type" content="text/html;charset=utf-8" />
  <meta name='ocr-system' content='tesseract 3.04.00' />
  <meta name='ocr-capabilities' content='ocr_page ocr_carea ocr_par ocr_line ocrx_word'/>
</head>
<body>
  <div class='ocr_page' id='page_1' title='image "./epistolarumbpau01berngoog_0151.png"; bbox 0 0 2512 4424; ppageno 0'>
   <div class='ocr_carea' id='block_1_1' title="bbox 154 241 1054 301">
    <p class='ocr_par' dir='ltr' id='par_1_1' title="bbox 154 241 1054 301">
     <span class='ocr_line' id='line_1_1' title="bbox 154 241 1054 301; baseline -0.009 0"><span class='ocrx_word' id='word_1_1' title='bbox 154 247 207 301; x_wconf 75' lang='lat' dir='ltr'><strong>tlt</strong></span> <span class='ocrx_word' id='word_1_2' title='bbox 317 245 504 298; x_wconf 76' lang='lat' dir='ltr'>SECUNDAE</span> <span class='ocrx_word' id='word_1_3' title='bbox 522 243 729 299; x_wconf 62' lang='lat' dir='ltr'><strong>heistolfi</strong></span> <span class='ocrx_word' id='word_1_4' title='bbox 747 245 797 296; x_wconf 81' lang='lat' dir='ltr'><strong>to</strong></span> <span class='ocrx_word' id='word_1_5' title='bbox 814 241 1054 297; x_wconf 66' lang='lat' dir='ltr'>CORINTHIOS</span> 
     </span>
    </p>
   </div>
   <div class='ocr_carea' id='block_1_2' title="bbox 153 330 1215 539">
    <p class='ocr_par' dir='ltr' id='par_1_2' title="bbox 153 330 1215 539">
     <span class='ocr_line' id='line_1_2' title="bbox 184 330 1213 400; baseline -0.007 -13"><span class='ocrx_word' id='word_1_6' title='bbox 184 337 285 388; x_wconf 77' lang='lat' dir='ltr'><strong>Graecus</strong></span> <span class='ocrx_word' id='word_1_7' title='bbox 298 342 383 388; x_wconf 80' lang='lat' dir='ltr'><strong>textus</strong></span> <span class='ocrx_word' id='word_1_8' title='bbox 394 339 483 399; x_wconf 80' lang='lat' dir='ltr'><strong>addit,</strong></span> <span class='ocrx_word' id='word_1_9' title='bbox 499 345 529 389; x_wconf 79' lang='lat' dir='ltr'><strong>ut</strong></span> <span class='ocrx_word' id='word_1_10' title='bbox 545 353 576 388; x_wconf 77' lang='lat' dir='ltr'><strong>ne</strong></span> <span class='ocrx_word' id='word_1_11' title='bbox 592 340 682 400; x_wconf 65' lang='lat' dir='ltr'><strong>efferor</strong></span> <span class='ocrx_word' id='word_1_12' title='bbox 694 359 704 387; x_wconf 87' lang='lat'><strong>.-</strong></span> <span class='ocrx_word' id='word_1_13' title='bbox 714 338 741 387; x_wconf 82' lang='lat' dir='ltr'><strong>it</strong></span> <span class='ocrx_word' id='word_1_14' title='bbox 754 342 806 398; x_wconf 78' lang='lat' dir='ltr'><strong>est,</strong></span> <span class='ocrx_word' id='word_1_15' title='bbox 823 343 853 388; x_wconf 93' lang='lat' dir='ltr'><strong>ut</strong></span> <span class='ocrx_word' id='word_1_16' title='bbox 864 337 914 388; x_wconf 80' lang='lat' dir='ltr'><strong>hie</strong></span> <span class='ocrx_word' id='word_1_17' title='bbox 925 334 1068 399; x_wconf 76' lang='lat' dir='ltr'><strong>ignominia</strong></span> <span class='ocrx_word' id='word_1_18' title='bbox 1083 330 1213 390; x_wconf 71' lang='lat' dir='ltr'><strong>snitum,</strong></span> 
     </span>
     <span class='ocr_line' id='line_1_3' title="bbox 153 406 601 466; baseline 0.002 -9"><span class='ocrx_word' id='word_1_19' title='bbox 153 406 274 457; x_wconf 86' lang='lat' dir='ltr'><strong>humilier</strong></span> <span class='ocrx_word' id='word_1_20' title='bbox 284 444 292 466; x_wconf 98' lang='lat'><strong>,</strong></span> <span class='ocrx_word' id='word_1_21' title='bbox 302 413 329 458; x_wconf 87' lang='lat' dir='ltr'><strong>ct</strong></span> <span class='ocrx_word' id='word_1_22' title='bbox 343 421 396 457; x_wconf 92' lang='lat' dir='ltr'><strong>non</strong></span> <span class='ocrx_word' id='word_1_23' title='bbox 409 409 508 458; x_wconf 76' lang='lat' dir='ltr'><strong>efferar.</strong></span> <span class='ocrx_word' id='word_1_24' title='bbox 596 435 601 441; x_wconf 95' lang='lat'>·</span> 
     </span>
     <span class='ocr_line' id='line_1_4' title="bbox 184 462 1215 539; baseline -0.004 -15"><span class='ocrx_word' id='word_1_25' title='bbox 184 476 238 524; x_wconf 83' lang='lat' dir='ltr'><strong>lino</strong></span> <span class='ocrx_word' id='word_1_26' title='bbox 253 477 368 526; x_wconf 74' lang='lat' dir='ltr'>videnter</span> <span class='ocrx_word' id='word_1_27' title='bbox 381 477 424 527; x_wconf 86' lang='lat' dir='ltr'><strong>hic</strong></span> <span class='ocrx_word' id='word_1_28' title='bbox 440 484 509 527; x_wconf 83' lang='lat' dir='ltr'><strong>certa</strong></span> <span class='ocrx_word' id='word_1_29' title='bbox 528 481 555 526; x_wconf 88' lang='lat' dir='ltr'><strong>et</strong></span> <span class='ocrx_word' id='word_1_30' title='bbox 569 476 646 527; x_wconf 86' lang='lat' dir='ltr'><strong>clara.</strong></span> <span class='ocrx_word' id='word_1_31' title='bbox 659 476 792 537; x_wconf 81' lang='lat' dir='ltr'><strong>Primum,</strong></span> <span class='ocrx_word' id='word_1_32' title='bbox 807 475 876 539; x_wconf 79' lang='lat' dir='ltr'><strong>quot</strong></span> <span class='ocrx_word' id='word_1_33' title='bbox 889 477 923 526; x_wconf 83' lang='lat' dir='ltr'><strong>atl</strong></span> <span class='ocrx_word' id='word_1_34' title='bbox 938 474 1146 525; x_wconf 70' lang='lat' dir='ltr'><strong>humiliationem</strong></span> <span class='ocrx_word' id='word_1_35' title='bbox 1161 462 1215 519; x_wconf 82' lang='lat' dir='ltr'><strong>tiri</strong></span> 
     </span>
    </p>
   </div>
   <div class='ocr_carea' id='block_1_3' title="bbox 154 538 1217 732">
    <p class='ocr_par' dir='ltr' id='par_1_3' title="bbox 154 538 1217 732">
     <span class='ocr_line' id='line_1_5' title="bbox 155 538 1215 608; baseline -0.005 -16"><span class='ocrx_word' id='word_1_36' title='bbox 155 543 318 594; x_wconf 73' lang='grc'><strong>1001111100</strong></span> <span class='ocrx_word' id='word_1_37' title='bbox 339 548 461 608; x_wconf 87' lang='lat' dir='ltr'><strong>permissa</strong></span> <span class='ocrx_word' id='word_1_38' title='bbox 482 549 515 594; x_wconf 82' lang='lat' dir='ltr'><strong>sit</strong></span> <span class='ocrx_word' id='word_1_39' title='bbox 536 545 651 607; x_wconf 81' lang='lat' dir='ltr'><strong>quadam</strong></span> <span class='ocrx_word' id='word_1_40' title='bbox 671 548 698 594; x_wconf 89' lang='lat' dir='ltr'><strong>in</strong></span> <span class='ocrx_word' id='word_1_41' title='bbox 714 559 773 595; x_wconf 89' lang='lat' dir='ltr'><strong>eum</strong></span> <span class='ocrx_word' id='word_1_42' title='bbox 788 545 910 594; x_wconf 69' lang='lat' dir='ltr'><strong>demonis</strong></span> <span class='ocrx_word' id='word_1_43' title='bbox 925 546 1033 593; x_wconf 74' lang='lat' dir='ltr'><strong>sentio.</strong></span> <span class='ocrx_word' id='word_1_44' title='bbox 1054 538 1215 597; x_wconf 82' lang='lat' dir='ltr'><strong>Secundum,</strong></span> 
     </span>
     <span class='ocr_line' id='line_1_6' title="bbox 154 611 1217 732; baseline -0.008 -66"><span class='ocrx_word' id='word_1_45' title='bbox 154 613 232 732; x_wconf 53' lang='lat' dir='ltr'><strong>:iffi</strong></span> <span class='ocrx_word' id='word_1_46' title='bbox 231 614 286 665; x_wconf 72' lang='grc'><strong>1100</strong></span> <span class='ocrx_word' id='word_1_47' title='bbox 296 617 395 665; x_wconf 75' lang='lat' dir='ltr'><strong>vexatio</strong></span> <span class='ocrx_word' id='word_1_48' title='bbox 406 619 433 665; x_wconf 92' lang='lat' dir='ltr'><strong>in</strong></span> <span class='ocrx_word' id='word_1_49' title='bbox 444 619 500 676; x_wconf 84' lang='lat' dir='ltr'><strong>ejus</strong></span> <span class='ocrx_word' id='word_1_50' title='bbox 509 629 601 675; x_wconf 78' lang='lat' dir='ltr'><strong>carne,</strong></span> <span class='ocrx_word' id='word_1_51' title='bbox 611 615 681 665; x_wconf 83' lang='lat' dir='ltr'><strong>reiut</strong></span> <span class='ocrx_word' id='word_1_52' title='bbox 688 615 821 675; x_wconf 82' lang='lat' dir='ltr'><strong>stimulus,</strong></span> <span class='ocrx_word' id='word_1_53' title='bbox 832 628 877 664; x_wconf 91' lang='lat' dir='ltr'><strong>seu</strong></span> <span class='ocrx_word' id='word_1_54' title='bbox 889 614 992 669; x_wconf 81' lang='lat' dir='ltr'><strong>aculem</strong></span> <span class='ocrx_word' id='word_1_55' title='bbox 1002 650 1009 674; x_wconf 91' lang='lat'><strong>,</strong></span> <span class='ocrx_word' id='word_1_56' title='bbox 1021 625 1068 662; x_wconf 87' lang='lat' dir='ltr'><strong>seu</strong></span> <span class='ocrx_word' id='word_1_57' title='bbox 1078 613 1154 674; x_wconf 83' lang='lat' dir='ltr'><strong>spina</strong></span> <span class='ocrx_word' id='word_1_58' title='bbox 1163 611 1217 659; x_wconf 85' lang='lat' dir='ltr'><strong>erat</strong></span> 
     </span>
    </p>
   </div>
   <div class='ocr_carea' id='block_1_4' title="bbox 130 767 1224 2473">
    <p class='ocr_par' dir='ltr' id='par_1_4' title="bbox 155 767 1218 902">
     <span class='ocr_line' id='line_1_7' title="bbox 186 767 1218 833; baseline -0.004 -13"><span class='ocrx_word' id='word_1_59' title='bbox 186 771 237 820; x_wconf 80' lang='lat' dir='ltr'><strong>Snn</strong></span> <span class='ocrx_word' id='word_1_60' title='bbox 258 783 316 827; x_wconf 83' lang='lat' dir='ltr'><strong>ouis</strong></span> <span class='ocrx_word' id='word_1_61' title='bbox 331 783 391 821; x_wconf 86' lang='lat' dir='ltr'><strong>rurr</strong></span> <span class='ocrx_word' id='word_1_62' title='bbox 412 784 471 820; x_wconf 79' lang='lat' dir='ltr'><strong>incr</strong></span> <span class='ocrx_word' id='word_1_63' title='bbox 491 773 673 820; x_wconf 74' lang='lat' dir='ltr'><strong>srmtuusi-</strong></span> <span class='ocrx_word' id='word_1_64' title='bbox 685 769 724 819; x_wconf 78' lang='lat' dir='ltr'><strong>An</strong></span> <span class='ocrx_word' id='word_1_65' title='bbox 741 769 856 831; x_wconf 73' lang='lat' dir='ltr'><strong>quasdam</strong></span> <span class='ocrx_word' id='word_1_66' title='bbox 874 772 986 833; x_wconf 81' lang='lat' dir='ltr'><strong>corporis</strong></span> <span class='ocrx_word' id='word_1_67' title='bbox 1002 767 1147 830; x_wconf 65' lang='lat' dir='ltr'><strong>agritudo?</strong></span> <span class='ocrx_word' id='word_1_68' title='bbox 1164 768 1218 816; x_wconf 76' lang='lat' dir='ltr'><strong>nro</strong></span> 
     </span>
     <span class='ocr_line' id='line_1_8' title="bbox 155 833 1217 902; baseline -0.006 -12"><span class='ocrx_word' id='word_1_69' title='bbox 155 844 246 890; x_wconf 80' lang='lat' dir='ltr'><strong>acutus</strong></span> <span class='ocrx_word' id='word_1_70' title='bbox 264 839 402 899; x_wconf 69' lang='lat' dir='ltr'><strong>auriculae,</strong></span> <span class='ocrx_word' id='word_1_71' title='bbox 417 840 458 888; x_wconf 77' lang='lat' dir='ltr'><strong>rel</strong></span> <span class='ocrx_word' id='word_1_72' title='bbox 476 843 566 902; x_wconf 85' lang='lat' dir='ltr'><strong>capitis</strong></span> <span class='ocrx_word' id='word_1_73' title='bbox 587 839 678 889; x_wconf 78' lang='lat' dir='ltr'><strong>dolor?</strong></span> <span class='ocrx_word' id='word_1_74' title='bbox 692 841 728 888; x_wconf 87' lang='lat' dir='ltr'><strong>ita</strong></span> <span class='ocrx_word' id='word_1_75' title='bbox 743 840 771 889; x_wconf 80' lang='grc'><strong>1).</strong></span> <span class='ocrx_word' id='word_1_76' title='bbox 784 841 905 901; x_wconf 76' lang='lat' dir='ltr'>Georgius</span> <span class='ocrx_word' id='word_1_77' title='bbox 922 839 1061 889; x_wconf 75' lang='lat' dir='ltr'><strong>Ambianos</strong></span> <span class='ocrx_word' id='word_1_78' title='bbox 1074 833 1217 900; x_wconf 81' lang='lat' dir='ltr'><strong>(Grotius).</strong></span> 
     </span>
    </p>

    <p class='ocr_par' dir='ltr' id='par_1_5' title="bbox 185 908 955 970">
     <span class='ocr_line' id='line_1_9' title="bbox 185 908 955 970; baseline 0.001 -12"><span class='ocrx_word' id='word_1_79' title='bbox 185 910 245 958; x_wconf 82' lang='lat' dir='ltr'><strong>siro</strong></span> <span class='ocrx_word' id='word_1_80' title='bbox 256 909 363 968; x_wconf 87' lang='lat' dir='ltr'><strong>iliacus,</strong></span> <span class='ocrx_word' id='word_1_81' title='bbox 375 911 503 963; x_wconf 75' lang='lat' dir='ltr'><strong>viscerum</strong></span> <span class='ocrx_word' id='word_1_82' title='bbox 514 909 634 959; x_wconf 79' lang='lat' dir='ltr'>morbus:</span> <span class='ocrx_word' id='word_1_83' title='bbox 647 908 714 970; x_wconf 81' lang='lat' dir='ltr'><strong>apud</strong></span> <span class='ocrx_word' id='word_1_84' title='bbox 724 908 812 958; x_wconf 82' lang='lat' dir='ltr'><strong>unum</strong></span> <span class='ocrx_word' id='word_1_85' title='bbox 822 910 955 959; x_wconf 82' lang='lat' dir='ltr'><strong>Thornam.</strong></span> 
     </span>
    </p>

    <p class='ocr_par' dir='ltr' id='par_1_6' title="bbox 156 973 1217 1108">
     <span class='ocr_line' id='line_1_10' title="bbox 185 973 1217 1038; baseline -0.002 -12"><span class='ocrx_word' id='word_1_86' title='bbox 185 977 245 1026; x_wconf 77' lang='lat' dir='ltr'><strong>Sive</strong></span> <span class='ocrx_word' id='word_1_87' title='bbox 254 977 379 1026; x_wconf 73' lang='lat' dir='ltr'><strong>stomachi</strong></span> <span class='ocrx_word' id='word_1_88' title='bbox 391 978 539 1035; x_wconf 80' lang='lat' dir='ltr'><strong>infirmitas,</strong></span> <span class='ocrx_word' id='word_1_89' title='bbox 550 980 603 1026; x_wconf 83' lang='lat' dir='ltr'><strong>sire</strong></span> <span class='ocrx_word' id='word_1_90' title='bbox 612 975 679 1025; x_wconf 88' lang='lat' dir='ltr'><strong>alius</strong></span> <span class='ocrx_word' id='word_1_91' title='bbox 686 976 780 1038; x_wconf 81' lang='lat' dir='ltr'><strong>aliquis</strong></span> <span class='ocrx_word' id='word_1_92' title='bbox 787 978 890 1027; x_wconf 87' lang='lat' dir='ltr'><strong>morbus</strong></span> <span class='ocrx_word' id='word_1_93' title='bbox 895 977 925 1026; x_wconf 89' lang='grc'><strong>11.</strong></span> <span class='ocrx_word' id='word_1_94' title='bbox 933 976 1012 1026; x_wconf 76' lang='lat' dir='ltr'><strong>Paulo</strong></span> <span class='ocrx_word' id='word_1_95' title='bbox 1021 978 1106 1037; x_wconf 85' lang='lat' dir='ltr'><strong>,sicut</strong></span> <span class='ocrx_word' id='word_1_96' title='bbox 1113 974 1140 1024; x_wconf 88' lang='lat' dir='ltr'><strong>S.</strong></span> <span class='ocrx_word' id='word_1_97' title='bbox 1147 973 1217 1035; x_wconf 85' lang='grc'><strong>10110,</strong></span> 
     </span>
     <span class='ocr_line' id='line_1_11' title="bbox 156 1045 969 1108; baseline 0 -14"><span class='ocrx_word' id='word_1_98' title='bbox 156 1047 287 1096; x_wconf 86' lang='lat' dir='ltr'><strong>immissus</strong></span> <span class='ocrx_word' id='word_1_99' title='bbox 298 1047 314 1095; x_wconf 81' lang='lat' dir='ltr'><strong>a</strong></span> <span class='ocrx_word' id='word_1_100' title='bbox 324 1046 439 1095; x_wconf 67' lang='lat' dir='ltr'><strong>demone</strong></span> <span class='ocrx_word' id='word_1_101' title='bbox 451 1066 458 1094; x_wconf 70' lang='grc' dir='ltr'><strong>ι</strong></span> <span class='ocrx_word' id='word_1_102' title='bbox 471 1048 506 1095; x_wconf 88' lang='lat' dir='ltr'><strong>ita</strong></span> <span class='ocrx_word' id='word_1_103' title='bbox 517 1045 594 1106; x_wconf 88' lang='lat' dir='ltr'><strong>aliqui</strong></span> <span class='ocrx_word' id='word_1_104' title='bbox 606 1045 674 1108; x_wconf 82' lang='lat' dir='ltr'><strong>apud</strong></span> <span class='ocrx_word' id='word_1_105' title='bbox 684 1045 855 1095; x_wconf 75' lang='lat' dir='ltr'><strong>t&#39;orneliuma</strong></span> <span class='ocrx_word' id='word_1_106' title='bbox 868 1046 969 1108; x_wconf 81' lang='lat' dir='ltr'><strong>lapide.</strong></span> 
     </span>
    </p>

    <p class='ocr_par' dir='ltr' id='par_1_7' title="bbox 155 1114 1217 1246">
     <span class='ocr_line' id='line_1_12' title="bbox 186 1114 1217 1177; baseline 0.002 -14"><span class='ocrx_word' id='word_1_107' title='bbox 186 1117 225 1163; x_wconf 80' lang='lat' dir='ltr'><strong>An</strong></span> <span class='ocrx_word' id='word_1_108' title='bbox 238 1114 337 1164; x_wconf 70' lang='lat' dir='ltr'><strong>daemon</strong></span> <span class='ocrx_word' id='word_1_109' title='bbox 354 1115 446 1175; x_wconf 87' lang='lat' dir='ltr'><strong>aliquis</strong></span> <span class='ocrx_word' id='word_1_110' title='bbox 463 1115 570 1163; x_wconf 82' lang='lat' dir='ltr'><strong>Paulum</strong></span> <span class='ocrx_word' id='word_1_111' title='bbox 584 1117 678 1177; x_wconf 68' lang='lat' dir='ltr'><strong>pugnis</strong></span> <span class='ocrx_word' id='word_1_112' title='bbox 687 1119 714 1163; x_wconf 90' lang='lat' dir='ltr'><strong>et</strong></span> <span class='ocrx_word' id='word_1_113' title='bbox 725 1115 871 1164; x_wconf 72' lang='lat' dir='ltr'><strong>verberibus</strong></span> <span class='ocrx_word' id='word_1_114' title='bbox 881 1116 995 1174; x_wconf 72' lang='lat' dir='ltr'><strong>cudens,</strong></span> <span class='ocrx_word' id='word_1_115' title='bbox 1006 1117 1076 1164; x_wconf 83' lang='lat' dir='ltr'><strong>sicut</strong></span> <span class='ocrx_word' id='word_1_116' title='bbox 1091 1115 1121 1164; x_wconf 86' lang='lat' dir='ltr'><strong>ll.</strong></span> <span class='ocrx_word' id='word_1_117' title='bbox 1139 1115 1217 1165; x_wconf 77' lang='lat' dir='ltr'><strong>Anto-</strong></span> 
     </span>
     <span class='ocr_line' id='line_1_13' title="bbox 155 1183 1142 1246; baseline 0 -14"><span class='ocrx_word' id='word_1_118' title='bbox 155 1185 230 1232; x_wconf 88' lang='lat' dir='ltr'><strong>nium</strong></span> <span class='ocrx_word' id='word_1_119' title='bbox 239 1221 246 1244; x_wconf 91' lang='lat'><strong>,</strong></span> <span class='ocrx_word' id='word_1_120' title='bbox 256 1189 283 1233; x_wconf 91' lang='lat' dir='ltr'><strong>et</strong></span> <span class='ocrx_word' id='word_1_121' title='bbox 292 1183 356 1232; x_wconf 87' lang='lat' dir='ltr'><strong>alios</strong></span> <span class='ocrx_word' id='word_1_122' title='bbox 366 1183 460 1232; x_wconf 90' lang='lat' dir='ltr'><strong>talibus</strong></span> <span class='ocrx_word' id='word_1_123' title='bbox 474 1186 599 1246; x_wconf 71' lang='lat' dir='ltr'><strong>impetivit</strong></span> <span class='ocrx_word' id='word_1_124' title='bbox 612 1183 764 1245; x_wconf 85' lang='lat' dir='ltr'><strong>aliquando,</strong></span> <span class='ocrx_word' id='word_1_125' title='bbox 775 1185 843 1245; x_wconf 88' lang='lat' dir='ltr'><strong>apud</strong></span> <span class='ocrx_word' id='word_1_126' title='bbox 851 1184 970 1233; x_wconf 85' lang='lat' dir='ltr'><strong>eumdem</strong></span> <span class='ocrx_word' id='word_1_127' title='bbox 982 1183 1142 1233; x_wconf 83' lang='lat' dir='ltr'><strong>Cornelium.</strong></span> 
     </span>
    </p>

    <p class='ocr_par' dir='ltr' id='par_1_8' title="bbox 156 1252 1219 1452">
     <span class='ocr_line' id='line_1_14' title="bbox 185 1252 1218 1315; baseline -0.001 -14"><span class='ocrx_word' id='word_1_128' title='bbox 185 1253 225 1303; x_wconf 76' lang='lat' dir='ltr'><strong>An</strong></span> <span class='ocrx_word' id='word_1_129' title='bbox 246 1257 454 1315; x_wconf 86' lang='lat' dir='ltr'><strong>persecutorum,</strong></span> <span class='ocrx_word' id='word_1_130' title='bbox 476 1265 521 1301; x_wconf 84' lang='lat' dir='ltr'><strong>seu</strong></span> <span class='ocrx_word' id='word_1_131' title='bbox 541 1253 769 1302; x_wconf 81' lang='lat' dir='ltr'><strong>adversarioruma</strong></span> <span class='ocrx_word' id='word_1_132' title='bbox 784 1253 878 1302; x_wconf 85' lang='lat' dir='ltr'><strong>Satana</strong></span> <span class='ocrx_word' id='word_1_133' title='bbox 897 1255 1065 1302; x_wconf 73' lang='lat' dir='ltr'><strong>excitatorum</strong></span> <span class='ocrx_word' id='word_1_134' title='bbox 1088 1252 1218 1302; x_wconf 78' lang='lat' dir='ltr'><strong>insectatio</strong></span> 
     </span>
     <span class='ocr_line' id='line_1_15' title="bbox 156 1319 1219 1384; baseline 0.001 -15"><span class='ocrx_word' id='word_1_135' title='bbox 156 1322 295 1380; x_wconf 89' lang='lat' dir='ltr'><strong>continua,</strong></span> <span class='ocrx_word' id='word_1_136' title='bbox 306 1325 336 1369; x_wconf 92' lang='lat' dir='ltr'><strong>ut</strong></span> <span class='ocrx_word' id='word_1_137' title='bbox 353 1319 442 1368; x_wconf 83' lang='lat' dir='ltr'><strong>roluut</strong></span> <span class='ocrx_word' id='word_1_138' title='bbox 455 1319 540 1369; x_wconf 82' lang='lat' dir='ltr'><strong>Patres</strong></span> <span class='ocrx_word' id='word_1_139' title='bbox 551 1320 648 1380; x_wconf 81' lang='lat' dir='ltr'><strong>Graeci,</strong></span> <span class='ocrx_word' id='word_1_140' title='bbox 664 1320 694 1370; x_wconf 86' lang='lat' dir='ltr'><strong>b.</strong></span> <span class='ocrx_word' id='word_1_141' title='bbox 710 1321 917 1384; x_wconf 74' lang='lat' dir='ltr'><strong>chrysostomus,</strong></span> <span class='ocrx_word' id='word_1_142' title='bbox 932 1320 1122 1382; x_wconf 72' lang='lat' dir='ltr'><strong>theodoretus,</strong></span> <span class='ocrx_word' id='word_1_143' title='bbox 1137 1320 1219 1370; x_wconf 85' lang='grc'><strong>’11100-</strong></span> 
     </span>
     <span class='ocr_line' id='line_1_16' title="bbox 156 1388 833 1452; baseline 0.003 -15"><span class='ocrx_word' id='word_1_144' title='bbox 156 1388 290 1452; x_wconf 68' lang='lat' dir='ltr'><strong>phylactus</strong></span> <span class='ocrx_word' id='word_1_145' title='bbox 300 1409 308 1449; x_wconf 78' lang='lat'>3</span> <span class='ocrx_word' id='word_1_146' title='bbox 320 1391 387 1438; x_wconf 89' lang='lat' dir='ltr'><strong>inter</strong></span> <span class='ocrx_word' id='word_1_147' title='bbox 403 1389 505 1437; x_wconf 76' lang='lat' dir='ltr'><strong>latinos</strong></span> <span class='ocrx_word' id='word_1_148' title='bbox 519 1388 681 1448; x_wconf 75' lang='lat' dir='ltr'><strong>Ambrosius,</strong></span> <span class='ocrx_word' id='word_1_149' title='bbox 692 1389 833 1439; x_wconf 82' lang='lat' dir='ltr'><strong>Erasmus?</strong></span> 
     </span>
    </p>

    <p class='ocr_par' dir='ltr' id='par_1_9' title="bbox 156 1456 1220 1588">
     <span class='ocr_line' id='line_1_17' title="bbox 187 1456 1220 1519; baseline 0.001 -13"><span class='ocrx_word' id='word_1_150' title='bbox 187 1459 226 1506; x_wconf 76' lang='lat' dir='ltr'><strong>tn</strong></span> <span class='ocrx_word' id='word_1_151' title='bbox 238 1462 324 1507; x_wconf 89' lang='lat' dir='ltr'><strong>motus</strong></span> <span class='ocrx_word' id='word_1_152' title='bbox 336 1458 547 1518; x_wconf 76' lang='lat' dir='ltr'><strong>concupiscentie</strong></span> <span class='ocrx_word' id='word_1_153' title='bbox 557 1460 584 1506; x_wconf 91' lang='lat' dir='ltr'><strong>ln</strong></span> <span class='ocrx_word' id='word_1_154' title='bbox 596 1469 672 1506; x_wconf 84' lang='lat' dir='ltr'><strong>earne</strong></span> <span class='ocrx_word' id='word_1_155' title='bbox 684 1457 796 1508; x_wconf 66' lang='grc'><strong>1111011</strong></span> <span class='ocrx_word' id='word_1_156' title='bbox 806 1459 822 1507; x_wconf 82' lang='lat' dir='ltr'><strong>a</strong></span> <span class='ocrx_word' id='word_1_157' title='bbox 834 1457 948 1508; x_wconf 76' lang='lat' dir='ltr'><strong>damone</strong></span> <span class='ocrx_word' id='word_1_158' title='bbox 957 1459 1075 1519; x_wconf 83' lang='lat' dir='ltr'><strong>excitati,</strong></span> <span class='ocrx_word' id='word_1_159' title='bbox 1085 1462 1116 1509; x_wconf 91' lang='lat' dir='ltr'><strong>ut</strong></span> <span class='ocrx_word' id='word_1_160' title='bbox 1131 1456 1220 1507; x_wconf 80' lang='lat' dir='ltr'><strong>volunt</strong></span> 
     </span>
     <span class='ocr_line' id='line_1_18' title="bbox 156 1525 453 1588; baseline -0.003 -15"><span class='ocrx_word' id='word_1_161' title='bbox 156 1525 268 1588; x_wconf 89' lang='lat' dir='ltr'><strong>plerique</strong></span> <span class='ocrx_word' id='word_1_162' title='bbox 281 1527 453 1574; x_wconf 78' lang='lat' dir='ltr'><strong>recentiores?</strong></span> 
     </span>
    </p>

    <p class='ocr_par' dir='ltr' id='par_1_10' title="bbox 156 1592 1224 1794">
     <span class='ocr_line' id='line_1_19' title="bbox 186 1592 1224 1657; baseline 0.001 -14"><span class='ocrx_word' id='word_1_163' title='bbox 186 1594 235 1643; x_wconf 82' lang='lat' dir='ltr'><strong>Res</strong></span> <span class='ocrx_word' id='word_1_164' title='bbox 244 1598 284 1642; x_wconf 83' lang='lat' dir='ltr'><strong>est</strong></span> <span class='ocrx_word' id='word_1_165' title='bbox 292 1593 369 1642; x_wconf 78' lang='lat' dir='ltr'><strong>(lubia</strong></span> <span class='ocrx_word' id='word_1_166' title='bbox 380 1596 406 1641; x_wconf 87' lang='lat' dir='ltr'><strong>et</strong></span> <span class='ocrx_word' id='word_1_167' title='bbox 414 1593 537 1652; x_wconf 87' lang='lat' dir='ltr'><strong>obseura,</strong></span> <span class='ocrx_word' id='word_1_168' title='bbox 547 1593 578 1643; x_wconf 87' lang='grc'><strong>(10</strong></span> <span class='ocrx_word' id='word_1_169' title='bbox 587 1607 637 1656; x_wconf 90' lang='lat' dir='ltr'><strong>qna</strong></span> <span class='ocrx_word' id='word_1_170' title='bbox 650 1594 715 1644; x_wconf 92' lang='lat' dir='ltr'><strong>nihil</strong></span> <span class='ocrx_word' id='word_1_171' title='bbox 726 1598 757 1643; x_wconf 92' lang='lat' dir='ltr'><strong>ut</strong></span> <span class='ocrx_word' id='word_1_172' title='bbox 767 1602 865 1645; x_wconf 84' lang='lat' dir='ltr'><strong>eertum</strong></span> <span class='ocrx_word' id='word_1_173' title='bbox 874 1597 951 1645; x_wconf 88' lang='lat' dir='ltr'><strong>statui</strong></span> <span class='ocrx_word' id='word_1_174' title='bbox 959 1597 1042 1657; x_wconf 77' lang='lat' dir='ltr'><strong>potest</strong></span> <span class='ocrx_word' id='word_1_175' title='bbox 1050 1614 1060 1655; x_wconf 68' lang='grc' dir='ltr'>ς</span> <span class='ocrx_word' id='word_1_176' title='bbox 1069 1595 1115 1645; x_wconf 81' lang='lat' dir='ltr'><strong>soil</strong></span> <span class='ocrx_word' id='word_1_177' title='bbox 1124 1592 1224 1657; x_wconf 82' lang='lat' dir='ltr'><strong>aliquitl</strong></span> 
     </span>
     <span class='ocr_line' id='line_1_20' title="bbox 156 1661 1223 1724; baseline 0.001 -13"><span class='ocrx_word' id='word_1_178' title='bbox 156 1663 259 1712; x_wconf 80' lang='lat' dir='ltr'><strong>tantum</strong></span> <span class='ocrx_word' id='word_1_179' title='bbox 273 1667 303 1710; x_wconf 94' lang='lat' dir='ltr'><strong>ut</strong></span> <span class='ocrx_word' id='word_1_180' title='bbox 313 1661 482 1724; x_wconf 79' lang='lat' dir='ltr'><strong>probabilius,</strong></span> <span class='ocrx_word' id='word_1_181' title='bbox 491 1674 522 1712; x_wconf 82' lang='lat' dir='ltr'><strong>ex</strong></span> <span class='ocrx_word' id='word_1_182' title='bbox 529 1667 624 1713; x_wconf 87' lang='lat' dir='ltr'><strong>attenta</strong></span> <span class='ocrx_word' id='word_1_183' title='bbox 632 1667 716 1714; x_wconf 82' lang='lat' dir='ltr'><strong>textus</strong></span> <span class='ocrx_word' id='word_1_184' title='bbox 723 1668 750 1714; x_wconf 89' lang='lat' dir='ltr'><strong>et</strong></span> <span class='ocrx_word' id='word_1_185' title='bbox 759 1665 1010 1714; x_wconf 82' lang='lat' dir='ltr'><strong>circumstantiarum</strong></span> <span class='ocrx_word' id='word_1_186' title='bbox 1019 1663 1223 1714; x_wconf 82' lang='lat' dir='ltr'><strong>consideratione·</strong></span> 
     </span>
     <span class='ocr_line' id='line_1_21' title="bbox 157 1731 1188 1794; baseline -0.002 -12"><span class='ocrx_word' id='word_1_187' title='bbox 157 1731 254 1794; x_wconf 81' lang='lat' dir='ltr'><strong>colligo.</strong></span> <span class='ocrx_word' id='word_1_188' title='bbox 1184 1763 1188 1770; x_wconf 89' lang='lat'>-</span> 
     </span>
    </p>

    <p class='ocr_par' dir='ltr' id='par_1_11' title="bbox 156 1798 1218 1934">
     <span class='ocr_line' id='line_1_22' title="bbox 187 1798 1208 1865; baseline -0.001 -13"><span class='ocrx_word' id='word_1_189' title='bbox 187 1804 274 1864; x_wconf 83' lang='lat' dir='ltr'><strong>ltaque</strong></span> <span class='ocrx_word' id='word_1_190' title='bbox 289 1806 385 1853; x_wconf 85' lang='lat' dir='ltr'><strong>textum</strong></span> <span class='ocrx_word' id='word_1_191' title='bbox 398 1801 483 1864; x_wconf 76' lang='lat' dir='ltr'><strong>legens</strong></span> <span class='ocrx_word' id='word_1_192' title='bbox 502 1806 528 1852; x_wconf 84' lang='lat' dir='ltr'><strong>et</strong></span> <span class='ocrx_word' id='word_1_193' title='bbox 541 1798 668 1864; x_wconf 57' lang='lat' dir='ltr'><strong>relqffens,</strong></span> <span class='ocrx_word' id='word_1_194' title='bbox 680 1803 783 1852; x_wconf 73' lang='lat' dir='ltr'><strong>abendo</strong></span> <span class='ocrx_word' id='word_1_195' title='bbox 799 1801 883 1865; x_wconf 80' lang='lat' dir='ltr'><strong>primo</strong></span> <span class='ocrx_word' id='word_1_196' title='bbox 897 1802 965 1864; x_wconf 82' lang='lat' dir='ltr'><strong>quoti</strong></span> <span class='ocrx_word' id='word_1_197' title='bbox 977 1814 1033 1851; x_wconf 85' lang='lat' dir='ltr'><strong>rem</strong></span> <span class='ocrx_word' id='word_1_198' title='bbox 1047 1803 1135 1863; x_wconf 83' lang='lat' dir='ltr'><strong>hauc,</strong></span> <span class='ocrx_word' id='word_1_199' title='bbox 1149 1812 1208 1863; x_wconf 82' lang='lat' dir='ltr'><strong>quas</strong></span> 
     </span>
     <span class='ocr_line' id='line_1_23' title="bbox 156 1869 1218 1934; baseline 0 -14"><span class='ocrx_word' id='word_1_200' title='bbox 156 1872 319 1934; x_wconf 84' lang='lat' dir='ltr'><strong>pudendam,</strong></span> <span class='ocrx_word' id='word_1_201' title='bbox 331 1872 504 1932; x_wconf 87' lang='lat' dir='ltr'><strong>metaphorico</strong></span> <span class='ocrx_word' id='word_1_202' title='bbox 518 1872 635 1931; x_wconf 84' lang='lat' dir='ltr'><strong>tantum,</strong></span> <span class='ocrx_word' id='word_1_203' title='bbox 645 1885 698 1920; x_wconf 91' lang='lat' dir='ltr'><strong>nou</strong></span> <span class='ocrx_word' id='word_1_204' title='bbox 716 1874 817 1934; x_wconf 89' lang='lat' dir='ltr'><strong>proprio</strong></span> <span class='ocrx_word' id='word_1_205' title='bbox 829 1874 935 1920; x_wconf 82' lang='lat' dir='ltr'><strong>nomine</strong></span> <span class='ocrx_word' id='word_1_206' title='bbox 951 1874 1081 1933; x_wconf 80' lang='lat' dir='ltr'><strong>designat,</strong></span> <span class='ocrx_word' id='word_1_207' title='bbox 1092 1869 1218 1920; x_wconf 71' lang='grc'><strong>(11110110.</strong></span> 
     </span>
    </p>

    <p class='ocr_par' dir='ltr' id='par_1_12' title="bbox 187 1939 1027 2001">
     <span class='ocr_line' id='line_1_24' title="bbox 187 1939 1027 2001; baseline -0.002 -11"><span class='ocrx_word' id='word_1_208' title='bbox 187 1941 320 2001; x_wconf 82' lang='lat' dir='ltr'><strong>Secundo,</strong></span> <span class='ocrx_word' id='word_1_209' title='bbox 331 1939 399 2000; x_wconf 79' lang='lat' dir='ltr'><strong>quod</strong></span> <span class='ocrx_word' id='word_1_210' title='bbox 411 1942 437 1988; x_wconf 92' lang='lat' dir='ltr'><strong>iu</strong></span> <span class='ocrx_word' id='word_1_211' title='bbox 450 1951 527 1988; x_wconf 86' lang='lat' dir='ltr'><strong>carne</strong></span> <span class='ocrx_word' id='word_1_212' title='bbox 539 1941 585 1998; x_wconf 89' lang='lat' dir='ltr'><strong>sit,</strong></span> <span class='ocrx_word' id='word_1_213' title='bbox 596 1940 715 1988; x_wconf 72' lang='lat' dir='ltr'><strong>stimulus</strong></span> <span class='ocrx_word' id='word_1_214' title='bbox 729 1942 828 1997; x_wconf 69' lang='lat' dir='ltr'><strong>cornu,</strong></span> <span class='ocrx_word' id='word_1_215' title='bbox 840 1941 912 1988; x_wconf 90' lang='lat' dir='ltr'><strong>carni</strong></span> <span class='ocrx_word' id='word_1_216' title='bbox 924 1939 1027 1989; x_wconf 83' lang='lat' dir='ltr'><strong>inllrus.</strong></span> 
     </span>
    </p>

    <p class='ocr_par' dir='ltr' id='par_1_13' title="bbox 189 2009 809 2071">
     <span class='ocr_line' id='line_1_25' title="bbox 189 2009 809 2071; baseline 0 -13"><span class='ocrx_word' id='word_1_217' title='bbox 189 2009 287 2069; x_wconf 81' lang='lat' dir='ltr'><strong>Tertio,</strong></span> <span class='ocrx_word' id='word_1_218' title='bbox 300 2009 367 2070; x_wconf 81' lang='lat' dir='ltr'><strong>quod</strong></span> <span class='ocrx_word' id='word_1_219' title='bbox 384 2009 501 2071; x_wconf 82' lang='lat' dir='ltr'><strong>uuqelus,</strong></span> <span class='ocrx_word' id='word_1_220' title='bbox 512 2023 557 2057; x_wconf 88' lang='lat' dir='ltr'><strong>seu</strong></span> <span class='ocrx_word' id='word_1_221' title='bbox 569 2012 683 2057; x_wconf 88' lang='lat' dir='ltr'><strong>minister</strong></span> <span class='ocrx_word' id='word_1_222' title='bbox 700 2011 809 2058; x_wconf 82' lang='lat' dir='ltr'><strong>Sutunoe.</strong></span> 
     </span>
    </p>

    <p class='ocr_par' dir='ltr' id='par_1_14' title="bbox 158 2076 1212 2209">
     <span class='ocr_line' id='line_1_26' title="bbox 188 2076 1212 2142; baseline 0.001 -16"><span class='ocrx_word' id='word_1_223' title='bbox 188 2078 297 2139; x_wconf 79' lang='lat' dir='ltr'><strong>Quartb,</strong></span> <span class='ocrx_word' id='word_1_224' title='bbox 310 2078 411 2127; x_wconf 83' lang='lat' dir='ltr'><strong>attendo</strong></span> <span class='ocrx_word' id='word_1_225' title='bbox 428 2078 461 2126; x_wconf 83' lang='lat' dir='ltr'><strong>ad</strong></span> <span class='ocrx_word' id='word_1_226' title='bbox 477 2078 556 2137; x_wconf 81' lang='lat' dir='ltr'><strong>hujus</strong></span> <span class='ocrx_word' id='word_1_227' title='bbox 572 2079 608 2126; x_wconf 90' lang='lat' dir='ltr'><strong>rei</strong></span> <span class='ocrx_word' id='word_1_228' title='bbox 626 2078 802 2139; x_wconf 83' lang='lat' dir='ltr'><strong>eiicetum,ut</strong></span> <span class='ocrx_word' id='word_1_229' title='bbox 816 2077 973 2140; x_wconf 72' lang='lat' dir='ltr'><strong>colaphiset,</strong></span> <span class='ocrx_word' id='word_1_230' title='bbox 986 2079 1033 2140; x_wconf 91' lang='lat' dir='ltr'><strong>qui</strong></span> <span class='ocrx_word' id='word_1_231' title='bbox 1051 2076 1212 2142; x_wconf 80' lang='lat' dir='ltr'><strong>ruboris-pits</strong></span> 
     </span>
     <span class='ocr_line' id='line_1_27' title="bbox 158 2147 469 2209; baseline -0.013 -11"><span class='ocrx_word' id='word_1_232' title='bbox 158 2155 261 2207; x_wconf 82' lang='lat' dir='ltr'><strong>causat,</strong></span> <span class='ocrx_word' id='word_1_233' title='bbox 276 2150 353 2209; x_wconf 83' lang='lat' dir='ltr'><strong>quam</strong></span> <span class='ocrx_word' id='word_1_234' title='bbox 368 2147 469 2195; x_wconf 85' lang='lat' dir='ltr'><strong>doloris.</strong></span> 
     </span>
    </p>

    <p class='ocr_par' dir='ltr' id='par_1_15' title="bbox 130 2216 956 2284">
     <span class='ocr_line' id='line_1_28' title="bbox 130 2216 956 2284; baseline 0.001 -18"><span class='ocrx_word' id='word_1_235' title='bbox 130 2278 136 2284; x_wconf 26' lang='grc' dir='ltr'>ι</span> <span class='ocrx_word' id='word_1_236' title='bbox 187 2217 298 2278; x_wconf 76' lang='lat' dir='ltr'><strong>Quinto,</strong></span> <span class='ocrx_word' id='word_1_237' title='bbox 312 2216 413 2265; x_wconf 84' lang='lat' dir='ltr'><strong>attendo</strong></span> <span class='ocrx_word' id='word_1_238' title='bbox 428 2217 461 2264; x_wconf 85' lang='lat' dir='ltr'><strong>ad</strong></span> <span class='ocrx_word' id='word_1_239' title='bbox 476 2216 553 2265; x_wconf 79' lang='lat' dir='ltr'><strong>finem</strong></span> <span class='ocrx_word' id='word_1_240' title='bbox 567 2218 694 2265; x_wconf 91' lang='lat' dir='ltr'><strong>intentum</strong></span> <span class='ocrx_word' id='word_1_241' title='bbox 707 2218 722 2264; x_wconf 84' lang='lat' dir='ltr'><strong>a</strong></span> <span class='ocrx_word' id='word_1_242' title='bbox 735 2217 801 2276; x_wconf 82' lang='lat' dir='ltr'><strong>lieo,</strong></span> <span class='ocrx_word' id='word_1_243' title='bbox 812 2232 843 2266; x_wconf 79' lang='lat' dir='ltr'><strong>ne</strong></span> <span class='ocrx_word' id='word_1_244' title='bbox 857 2219 956 2278; x_wconf 70' lang='lat' dir='ltr'><strong>effre-ur.</strong></span> 
     </span>
    </p>

    <p class='ocr_par' dir='ltr' id='par_1_16' title="bbox 188 2282 1146 2345">
     <span class='ocr_line' id='line_1_29' title="bbox 188 2282 1146 2345; baseline 0 -10"><span class='ocrx_word' id='word_1_245' title='bbox 188 2287 278 2345; x_wconf 83' lang='lat' dir='ltr'><strong>Serto,</strong></span> <span class='ocrx_word' id='word_1_246' title='bbox 294 2285 326 2334; x_wconf 82' lang='lat' dir='ltr'><strong>ad</strong></span> <span class='ocrx_word' id='word_1_247' title='bbox 339 2288 476 2333; x_wconf 85' lang='lat' dir='ltr'><strong>instantem</strong></span> <span class='ocrx_word' id='word_1_248' title='bbox 487 2282 558 2332; x_wconf 81' lang='lat' dir='ltr'><strong>Pauli</strong></span> <span class='ocrx_word' id='word_1_249' title='bbox 569 2286 724 2343; x_wconf 85' lang='lat' dir='ltr'><strong>orationem,</strong></span> <span class='ocrx_word' id='word_1_250' title='bbox 738 2290 764 2334; x_wconf 88' lang='lat' dir='ltr'><strong>ut</strong></span> <span class='ocrx_word' id='word_1_251' title='bbox 776 2287 807 2334; x_wconf 92' lang='lat' dir='ltr'><strong>ab</strong></span> <span class='ocrx_word' id='word_1_252' title='bbox 820 2299 850 2334; x_wconf 85' lang='lat' dir='ltr'><strong>ea</strong></span> <span class='ocrx_word' id='word_1_253' title='bbox 863 2286 978 2334; x_wconf 89' lang='lat' dir='ltr'><strong>molestia</strong></span> <span class='ocrx_word' id='word_1_254' title='bbox 989 2284 1146 2336; x_wconf 86' lang='lat' dir='ltr'><strong>liberaretur.</strong></span> 
     </span>
    </p>

    <p class='ocr_par' dir='ltr' id='par_1_17' title="bbox 158 2353 1203 2473">
     <span class='ocr_line' id='line_1_30' title="bbox 187 2353 1203 2418; baseline 0 -16"><span class='ocrx_word' id='word_1_255' title='bbox 187 2354 301 2415; x_wconf 82' lang='lat' dir='ltr'><strong>lienique</strong></span> <span class='ocrx_word' id='word_1_256' title='bbox 311 2354 428 2403; x_wconf 82' lang='lat' dir='ltr'><strong>recordor</strong></span> <span class='ocrx_word' id='word_1_257' title='bbox 438 2354 545 2403; x_wconf 90' lang='lat' dir='ltr'><strong>aliorum</strong></span> <span class='ocrx_word' id='word_1_258' title='bbox 556 2353 607 2402; x_wconf 76' lang='grc'><strong>(1111</strong></span> <span class='ocrx_word' id='word_1_259' title='bbox 623 2353 694 2401; x_wconf 85' lang='lat' dir='ltr'><strong>Pauli</strong></span> <span class='ocrx_word' id='word_1_260' title='bbox 709 2360 824 2403; x_wconf 87' lang='lat' dir='ltr'><strong>tertuum</strong></span> <span class='ocrx_word' id='word_1_261' title='bbox 839 2355 901 2404; x_wconf 87' lang='lat' dir='ltr'><strong>huic</strong></span> <span class='ocrx_word' id='word_1_262' title='bbox 914 2354 1103 2416; x_wconf 72' lang='lat' dir='ltr'><strong>conformium,</strong></span> <span class='ocrx_word' id='word_1_263' title='bbox 1114 2366 1203 2418; x_wconf 70' lang='lat' dir='ltr'><strong>prestr-</strong></span> 
     </span>
     <span class='ocr_line' id='line_1_31' title="bbox 158 2423 324 2473; baseline -0.012 0"><span class='ocrx_word' id='word_1_264' title='bbox 158 2427 204 2473; x_wconf 91' lang='lat' dir='ltr'><strong>tim</strong></span> <span class='ocrx_word' id='word_1_265' title='bbox 215 2423 288 2473; x_wconf 85' lang='lat' dir='ltr'><strong>Rom.</strong></span> <span class='ocrx_word' id='word_1_266' title='bbox 299 2428 324 2472; x_wconf 84' lang='grc'><strong>7.</strong></span> 
     </span>
    </p>
   </div>
   <div class='ocr_carea' id='block_1_5' title="bbox 158 2518 1248 3988">
    <p class='ocr_par' dir='ltr' id='par_1_18' title="bbox 158 2518 1200 2858">
     <span class='ocr_line' id='line_1_32' title="bbox 188 2518 1200 2578; baseline -0.004 -10"><span class='ocrx_word' id='word_1_267' title='bbox 188 2519 354 2569; x_wconf 68' lang='lat' dir='ltr'><strong>Cornutorum</strong></span> <span class='ocrx_word' id='word_1_268' title='bbox 375 2529 552 2567; x_wconf 74' lang='lat' dir='ltr'><strong>eromenion.</strong></span> <span class='ocrx_word' id='word_1_269' title='bbox 562 2518 634 2566; x_wconf 86' lang='lat' dir='ltr'><strong>-Et</strong></span> <span class='ocrx_word' id='word_1_270' title='bbox 646 2531 677 2567; x_wconf 82' lang='lat' dir='ltr'><strong>ex</strong></span> <span class='ocrx_word' id='word_1_271' title='bbox 689 2520 730 2568; x_wconf 85' lang='lat' dir='ltr'><strong>his</strong></span> <span class='ocrx_word' id='word_1_272' title='bbox 746 2520 864 2569; x_wconf 90' lang='lat' dir='ltr'><strong>omnibus</strong></span> <span class='ocrx_word' id='word_1_273' title='bbox 878 2518 957 2568; x_wconf 91' lang='lat' dir='ltr'><strong>simul</strong></span> <span class='ocrx_word' id='word_1_274' title='bbox 971 2518 1083 2570; x_wconf 85' lang='lat' dir='ltr'><strong>collectis</strong></span> <span class='ocrx_word' id='word_1_275' title='bbox 1094 2519 1200 2578; x_wconf 82' lang='lat' dir='ltr'><strong>conjicio,</strong></span> 
     </span>
     <span class='ocr_line' id='line_1_33' title="bbox 160 2586 1199 2651; baseline -0.004 -15"><span class='ocrx_word' id='word_1_276' title='bbox 160 2592 189 2637; x_wconf 92' lang='lat' dir='ltr'><strong>ut</strong></span> <span class='ocrx_word' id='word_1_277' title='bbox 200 2586 444 2650; x_wconf 85' lang='lat' dir='ltr'><strong>probabilius,qnod</strong></span> <span class='ocrx_word' id='word_1_278' title='bbox 453 2586 495 2635; x_wconf 86' lang='lat' dir='ltr'><strong>ille</strong></span> <span class='ocrx_word' id='word_1_279' title='bbox 503 2587 621 2636; x_wconf 79' lang='lat' dir='ltr'><strong>stimulus</strong></span> <span class='ocrx_word' id='word_1_280' title='bbox 631 2590 715 2637; x_wconf 77' lang='lat' dir='ltr'><strong>cuntis</strong></span> <span class='ocrx_word' id='word_1_281' title='bbox 723 2627 732 2647; x_wconf 89' lang='lat'><strong>,</strong></span> <span class='ocrx_word' id='word_1_282' title='bbox 740 2596 789 2638; x_wconf 82' lang='lat' dir='ltr'><strong>etc.</strong></span> <span class='ocrx_word' id='word_1_283' title='bbox 801 2589 897 2638; x_wconf 84' lang='lat' dir='ltr'><strong>tuerint</strong></span> <span class='ocrx_word' id='word_1_284' title='bbox 905 2593 990 2637; x_wconf 87' lang='lat' dir='ltr'><strong>motus</strong></span> <span class='ocrx_word' id='word_1_285' title='bbox 999 2587 1199 2651; x_wconf 78' lang='lat' dir='ltr'><strong>concupiscentie,</strong></span> 
     </span>
     <span class='ocr_line' id='line_1_34' title="bbox 158 2655 1199 2718; baseline -0.006 -11"><span class='ocrx_word' id='word_1_286' title='bbox 158 2663 186 2709; x_wconf 90' lang='lat' dir='ltr'><strong>in</strong></span> <span class='ocrx_word' id='word_1_287' title='bbox 199 2669 292 2717; x_wconf 85' lang='lat' dir='ltr'><strong>earne,</strong></span> <span class='ocrx_word' id='word_1_288' title='bbox 311 2662 337 2706; x_wconf 89' lang='lat' dir='ltr'><strong>ct</strong></span> <span class='ocrx_word' id='word_1_289' title='bbox 351 2658 365 2704; x_wconf 80' lang='grc'><strong>1</strong></span> <span class='ocrx_word' id='word_1_290' title='bbox 381 2669 456 2706; x_wconf 78' lang='lat' dir='ltr'><strong>mine</strong></span> <span class='ocrx_word' id='word_1_291' title='bbox 469 2655 572 2716; x_wconf 86' lang='lat' dir='ltr'><strong>quidem</strong></span> <span class='ocrx_word' id='word_1_292' title='bbox 586 2656 674 2716; x_wconf 74' lang='lat' dir='ltr'><strong>Pauli,</strong></span> <span class='ocrx_word' id='word_1_293' title='bbox 688 2657 762 2706; x_wconf 83' lang='lat' dir='ltr'><strong>seda</strong></span> <span class='ocrx_word' id='word_1_294' title='bbox 778 2658 891 2706; x_wconf 77' lang='lat' dir='ltr'><strong>demone</strong></span> <span class='ocrx_word' id='word_1_295' title='bbox 906 2657 987 2718; x_wconf 81' lang='lat' dir='ltr'><strong>magis</strong></span> <span class='ocrx_word' id='word_1_296' title='bbox 1009 2660 1199 2707; x_wconf 66' lang='grc'><strong>0101010010-</strong></span> 
     </span>
     <span class='ocr_line' id='line_1_35' title="bbox 159 2725 1199 2799; baseline -0.006 -21"><span class='ocrx_word' id='word_1_297' title='bbox 159 2740 241 2778; x_wconf 78' lang='lat' dir='ltr'><strong>ceusae</strong></span> <span class='ocrx_word' id='word_1_298' title='bbox 254 2747 261 2775; x_wconf 68' lang='grc' dir='ltr'>ι</span> <span class='ocrx_word' id='word_1_299' title='bbox 273 2726 398 2788; x_wconf 81' lang='lat' dir='ltr'><strong>quatenus</strong></span> <span class='ocrx_word' id='word_1_300' title='bbox 408 2725 522 2775; x_wconf 82' lang='lat' dir='ltr'><strong>diabolus</strong></span> <span class='ocrx_word' id='word_1_301' title='bbox 532 2726 561 2775; x_wconf 84' lang='lat' dir='ltr'><strong>o.</strong></span> <span class='ocrx_word' id='word_1_302' title='bbox 571 2725 641 2775; x_wconf 87' lang='lat' dir='ltr'><strong>Pauli</strong></span> <span class='ocrx_word' id='word_1_303' title='bbox 654 2727 791 2788; x_wconf 80' lang='lat' dir='ltr'><strong>phantasiae</strong></span> <span class='ocrx_word' id='word_1_304' title='bbox 802 2731 886 2799; x_wconf 79' lang='lat' dir='ltr'><strong>turpia</strong></span> <span class='ocrx_word' id='word_1_305' title='bbox 895 2727 1035 2788; x_wconf 80' lang='lat' dir='ltr'><strong>objiciens,</strong></span> <span class='ocrx_word' id='word_1_306' title='bbox 1047 2729 1146 2778; x_wconf 86' lang='lat' dir='ltr'><strong>iuterim</strong></span> <span class='ocrx_word' id='word_1_307' title='bbox 1156 2732 1199 2772; x_wconf 79' lang='lat' dir='ltr'><strong>son·</strong></span> 
     </span>
     <span class='ocr_line' id='line_1_36' title="bbox 159 2795 906 2858; baseline -0.003 -12"><span class='ocrx_word' id='word_1_308' title='bbox 159 2800 262 2858; x_wconf 81' lang='lat' dir='ltr'><strong>guinem</strong></span> <span class='ocrx_word' id='word_1_309' title='bbox 274 2800 300 2845; x_wconf 87' lang='lat' dir='ltr'><strong>et</strong></span> <span class='ocrx_word' id='word_1_310' title='bbox 315 2796 434 2845; x_wconf 78' lang='lat' dir='ltr'><strong>humores</strong></span> <span class='ocrx_word' id='word_1_311' title='bbox 445 2795 567 2844; x_wconf 83' lang='lat' dir='ltr'><strong>excitabat</strong></span> <span class='ocrx_word' id='word_1_312' title='bbox 578 2795 610 2844; x_wconf 92' lang='lat' dir='ltr'><strong>ad</strong></span> <span class='ocrx_word' id='word_1_313' title='bbox 621 2799 705 2858; x_wconf 88' lang='lat' dir='ltr'><strong>turpia</strong></span> <span class='ocrx_word' id='word_1_314' title='bbox 721 2803 906 2858; x_wconf 66' lang='lat' dir='ltr'><strong>representatis.</strong></span> 
     </span>
    </p>

    <p class='ocr_par' dir='ltr' id='par_1_19' title="bbox 159 2860 1196 3063">
     <span class='ocr_line' id='line_1_37' title="bbox 189 2860 1196 2928; baseline -0.011 -14"><span class='ocrx_word' id='word_1_315' title='bbox 189 2866 242 2915; x_wconf 84' lang='lat' dir='ltr'><strong>iloe.</strong></span> <span class='ocrx_word' id='word_1_316' title='bbox 254 2869 341 2914; x_wconf 88' lang='lat' dir='ltr'><strong>aulem</strong></span> <span class='ocrx_word' id='word_1_317' title='bbox 355 2869 383 2912; x_wconf 94' lang='lat' dir='ltr'><strong>ut</strong></span> <span class='ocrx_word' id='word_1_318' title='bbox 395 2864 548 2926; x_wconf 88' lang='lat' dir='ltr'><strong>probabilius</strong></span> <span class='ocrx_word' id='word_1_319' title='bbox 558 2868 680 2925; x_wconf 85' lang='lat' dir='ltr'><strong>conjicio,</strong></span> <span class='ocrx_word' id='word_1_320' title='bbox 692 2867 751 2925; x_wconf 91' lang='lat' dir='ltr'><strong>quia</strong></span> <span class='ocrx_word' id='word_1_321' title='bbox 768 2865 861 2913; x_wconf 86' lang='lat' dir='ltr'><strong>talibus</strong></span> <span class='ocrx_word' id='word_1_322' title='bbox 870 2866 1080 2928; x_wconf 76' lang='lat' dir='ltr'><strong>concupiscentiis</strong></span> <span class='ocrx_word' id='word_1_323' title='bbox 1090 2860 1196 2914; x_wconf 87' lang='lat' dir='ltr'><strong>motibus,</strong></span> 
     </span>
     <span class='ocr_line' id='line_1_38' title="bbox 159 2933 1196 2996; baseline -0.008 -10"><span class='ocrx_word' id='word_1_324' title='bbox 159 2940 186 2985; x_wconf 90' lang='lat' dir='ltr'><strong>in</strong></span> <span class='ocrx_word' id='word_1_325' title='bbox 206 2948 283 2985; x_wconf 84' lang='lat' dir='ltr'><strong>carne</strong></span> <span class='ocrx_word' id='word_1_326' title='bbox 300 2933 371 2983; x_wconf 85' lang='lat' dir='ltr'><strong>Pauli</strong></span> <span class='ocrx_word' id='word_1_327' title='bbox 385 2935 400 2981; x_wconf 77' lang='lat' dir='ltr'><strong>a</strong></span> <span class='ocrx_word' id='word_1_328' title='bbox 413 2933 526 2982; x_wconf 76' lang='lat' dir='ltr'><strong>humone</strong></span> <span class='ocrx_word' id='word_1_329' title='bbox 540 2937 667 2993; x_wconf 84' lang='lat' dir='ltr'><strong>excitatis,</strong></span> <span class='ocrx_word' id='word_1_330' title='bbox 680 2935 771 2983; x_wconf 80' lang='lat' dir='ltr'><strong>melitis</strong></span> <span class='ocrx_word' id='word_1_331' title='bbox 783 2936 860 2996; x_wconf 79' lang='lat' dir='ltr'><strong>quam</strong></span> <span class='ocrx_word' id='word_1_332' title='bbox 875 2937 1019 2996; x_wconf 85' lang='lat' dir='ltr'><strong>cuicunque</strong></span> <span class='ocrx_word' id='word_1_333' title='bbox 1033 2934 1075 2984; x_wconf 89' lang='lat' dir='ltr'><strong>alii</strong></span> <span class='ocrx_word' id='word_1_334' title='bbox 1087 2946 1115 2982; x_wconf 86' lang='lat' dir='ltr'><strong>ex</strong></span> <span class='ocrx_word' id='word_1_335' title='bbox 1124 2936 1196 2989; x_wconf 75' lang='lat' dir='ltr'><strong>supri-</strong></span> 
     </span>
     <span class='ocr_line' id='line_1_39' title="bbox 160 3003 924 3063; baseline -0.001 -11"><span class='ocrx_word' id='word_1_336' title='bbox 160 3005 234 3054; x_wconf 78' lang='grc'><strong>(110110</strong></span> <span class='ocrx_word' id='word_1_337' title='bbox 243 3042 249 3063; x_wconf 98' lang='grc'><strong>,</strong></span> <span class='ocrx_word' id='word_1_338' title='bbox 261 3003 417 3052; x_wconf 74' lang='lat' dir='ltr'><strong>conveniunt</strong></span> <span class='ocrx_word' id='word_1_339' title='bbox 426 3013 514 3050; x_wconf 89' lang='lat' dir='ltr'><strong>omnes</strong></span> <span class='ocrx_word' id='word_1_340' title='bbox 524 3005 606 3050; x_wconf 77' lang='lat' dir='ltr'><strong>teritis</strong></span> <span class='ocrx_word' id='word_1_341' title='bbox 620 3009 710 3053; x_wconf 79' lang='lat' dir='ltr'><strong>notatu</strong></span> <span class='ocrx_word' id='word_1_342' title='bbox 720 3006 924 3052; x_wconf 76' lang='lat' dir='ltr'><strong>circumstantia.</strong></span> 
     </span>
    </p>

    <p class='ocr_par' dir='ltr' id='par_1_20' title="bbox 160 3064 1194 3206">
     <span class='ocr_line' id='line_1_40' title="bbox 190 3064 1194 3139; baseline -0.002 -13"><span class='ocrx_word' id='word_1_343' title='bbox 190 3077 275 3126; x_wconf 83' lang='lat' dir='ltr'><strong>Primo</strong></span> <span class='ocrx_word' id='word_1_344' title='bbox 285 3113 291 3136; x_wconf 93' lang='lat'><strong>,</strong></span> <span class='ocrx_word' id='word_1_345' title='bbox 303 3076 352 3124; x_wconf 89' lang='lat' dir='ltr'><strong>hoc</strong></span> <span class='ocrx_word' id='word_1_346' title='bbox 368 3075 531 3137; x_wconf 86' lang='lat' dir='ltr'><strong>pudendum,</strong></span> <span class='ocrx_word' id='word_1_347' title='bbox 544 3089 590 3124; x_wconf 89' lang='lat' dir='ltr'><strong>nec</strong></span> <span class='ocrx_word' id='word_1_348' title='bbox 606 3079 654 3126; x_wconf 86' lang='lat' dir='ltr'><strong>nisi</strong></span> <span class='ocrx_word' id='word_1_349' title='bbox 671 3078 841 3139; x_wconf 72' lang='lat' dir='ltr'><strong>metaphorice</strong></span> <span class='ocrx_word' id='word_1_350' title='bbox 854 3077 1058 3139; x_wconf 65' lang='lat' dir='ltr'><strong>nominandum</strong></span> <span class='ocrx_word' id='word_1_351' title='bbox 1074 3073 1136 3138; x_wconf 83' lang='lat' dir='ltr'><strong>quod</strong></span> <span class='ocrx_word' id='word_1_352' title='bbox 1146 3064 1194 3119; x_wconf 66' lang='lat' dir='ltr'><strong>null!</strong></span> 
     </span>
     <span class='ocr_line' id='line_1_41' title="bbox 160 3144 996 3206; baseline 0.002 -12"><span class='ocrx_word' id='word_1_353' title='bbox 160 3144 205 3199; x_wconf 85' lang='lat' dir='ltr'><strong>alti</strong></span> <span class='ocrx_word' id='word_1_354' title='bbox 217 3146 336 3193; x_wconf 77' lang='lat' dir='ltr'><strong>convenit</strong></span> <span class='ocrx_word' id='word_1_355' title='bbox 348 3162 354 3191; x_wconf 72' lang='grc' dir='ltr'><strong><em>ε</em></strong></span> <span class='ocrx_word' id='word_1_356' title='bbox 367 3146 487 3206; x_wconf 81' lang='lat' dir='ltr'><strong>potuisset</strong></span> <span class='ocrx_word' id='word_1_357' title='bbox 497 3147 565 3192; x_wconf 89' lang='lat' dir='ltr'><strong>enim</strong></span> <span class='ocrx_word' id='word_1_358' title='bbox 578 3149 663 3194; x_wconf 84' lang='lat' dir='ltr'><strong>omnia</strong></span> <span class='ocrx_word' id='word_1_359' title='bbox 674 3147 723 3195; x_wconf 91' lang='lat' dir='ltr'><strong>alia</strong></span> <span class='ocrx_word' id='word_1_360' title='bbox 737 3145 839 3196; x_wconf 78' lang='lat' dir='ltr'><strong>honeste</strong></span> <span class='ocrx_word' id='word_1_361' title='bbox 854 3148 996 3196; x_wconf 90' lang='lat' dir='ltr'><strong>nominare.</strong></span> 
     </span>
    </p>

    <p class='ocr_par' dir='ltr' id='par_1_21' title="bbox 190 3217 1248 3289">
     <span class='ocr_line' id='line_1_42' title="bbox 190 3217 1248 3289; baseline 0.003 -20"><span class='ocrx_word' id='word_1_362' title='bbox 190 3217 318 3278; x_wconf 77' lang='lat' dir='ltr'><strong>Secundo,</strong></span> <span class='ocrx_word' id='word_1_363' title='bbox 330 3217 378 3266; x_wconf 87' lang='lat' dir='ltr'><strong>hoc</strong></span> <span class='ocrx_word' id='word_1_364' title='bbox 390 3220 416 3267; x_wconf 92' lang='lat' dir='ltr'><strong>in</strong></span> <span class='ocrx_word' id='word_1_365' title='bbox 430 3231 505 3268; x_wconf 89' lang='lat' dir='ltr'><strong>came</strong></span> <span class='ocrx_word' id='word_1_366' title='bbox 516 3257 522 3278; x_wconf 93' lang='lat'><strong>,</strong></span> <span class='ocrx_word' id='word_1_367' title='bbox 535 3220 601 3280; x_wconf 87' lang='lat' dir='ltr'><strong>quod</strong></span> <span class='ocrx_word' id='word_1_368' title='bbox 613 3223 764 3282; x_wconf 82' lang='lat' dir='ltr'><strong>persecutori</strong></span> <span class='ocrx_word' id='word_1_369' title='bbox 778 3234 830 3270; x_wconf 88' lang='lat' dir='ltr'><strong>non</strong></span> <span class='ocrx_word' id='word_1_370' title='bbox 842 3224 970 3271; x_wconf 74' lang='lat' dir='ltr'><strong>conuenit.</strong></span> <span class='ocrx_word' id='word_1_371' title='bbox 1245 3250 1248 3289; x_wconf 87' lang='lat'>:</span> 
     </span>
    </p>

    <p class='ocr_par' dir='ltr' id='par_1_22' title="bbox 161 3285 1193 3420">
     <span class='ocr_line' id='line_1_43' title="bbox 189 3285 1193 3351; baseline -0.012 -15"><span class='ocrx_word' id='word_1_372' title='bbox 189 3286 242 3336; x_wconf 89' lang='grc'><strong>1100</strong></span> <span class='ocrx_word' id='word_1_373' title='bbox 252 3286 310 3336; x_wconf 76' lang='lat' dir='ltr'><strong>verb</strong></span> <span class='ocrx_word' id='word_1_374' title='bbox 320 3286 453 3344; x_wconf 81' lang='lat' dir='ltr'><strong>stimulus,</strong></span> <span class='ocrx_word' id='word_1_375' title='bbox 468 3300 570 3336; x_wconf 88' lang='lat' dir='ltr'><strong>carnem</strong></span> <span class='ocrx_word' id='word_1_376' title='bbox 582 3292 653 3349; x_wconf 85' lang='lat' dir='ltr'><strong>quasi</strong></span> <span class='ocrx_word' id='word_1_377' title='bbox 666 3291 777 3351; x_wconf 87' lang='lat' dir='ltr'><strong>repetitis</strong></span> <span class='ocrx_word' id='word_1_378' title='bbox 788 3291 879 3339; x_wconf 87' lang='lat' dir='ltr'><strong>ictibus</strong></span> <span class='ocrx_word' id='word_1_379' title='bbox 896 3289 1050 3349; x_wconf 85' lang='lat' dir='ltr'><strong>stimulans,</strong></span> <span class='ocrx_word' id='word_1_380' title='bbox 1061 3292 1086 3338; x_wconf 86' lang='lat' dir='ltr'><strong>et</strong></span> <span class='ocrx_word' id='word_1_381' title='bbox 1095 3285 1193 3336; x_wconf 83' lang='lat' dir='ltr'><strong>excitans·</strong></span> 
     </span>
     <span class='ocr_line' id='line_1_44' title="bbox 161 3354 1133 3420; baseline -0.001 -17"><span class='ocrx_word' id='word_1_382' title='bbox 161 3354 213 3404; x_wconf 88' lang='grc'><strong>1100</strong></span> <span class='ocrx_word' id='word_1_383' title='bbox 225 3368 306 3403; x_wconf 76' lang='lat' dir='ltr'><strong>tinum</strong></span> <span class='ocrx_word' id='word_1_384' title='bbox 318 3354 414 3404; x_wconf 84' lang='lat' dir='ltr'><strong>ericiis</strong></span> <span class='ocrx_word' id='word_1_385' title='bbox 426 3358 505 3416; x_wconf 80' lang='lat' dir='ltr'><strong>igneis</strong></span> <span class='ocrx_word' id='word_1_386' title='bbox 518 3359 663 3417; x_wconf 82' lang='lat' dir='ltr'><strong>nequissimi</strong></span> <span class='ocrx_word' id='word_1_387' title='bbox 680 3359 798 3419; x_wconf 82' lang='lat' dir='ltr'><strong>spiritus,</strong></span> <span class='ocrx_word' id='word_1_388' title='bbox 810 3357 842 3406; x_wconf 85' lang='grc'><strong>(10</strong></span> <span class='ocrx_word' id='word_1_389' title='bbox 854 3359 946 3419; x_wconf 91' lang='lat' dir='ltr'><strong>quihus</strong></span> <span class='ocrx_word' id='word_1_390' title='bbox 957 3358 1049 3420; x_wconf 81' lang='lat' dir='ltr'><strong>Ephes.</strong></span> <span class='ocrx_word' id='word_1_391' title='bbox 1063 3362 1086 3407; x_wconf 85' lang='lat'><strong>6.</strong></span> <span class='ocrx_word' id='word_1_392' title='bbox 1101 3360 1133 3404; x_wconf 84' lang='lat'><strong>16.</strong></span> 
     </span>
    </p>

    <p class='ocr_par' dir='ltr' id='par_1_23' title="bbox 162 3424 1196 3562">
     <span class='ocr_line' id='line_1_45' title="bbox 191 3424 1196 3495; baseline 0.001 -19"><span class='ocrx_word' id='word_1_393' title='bbox 191 3428 290 3487; x_wconf 79' lang='lat' dir='ltr'><strong>Tertio,</strong></span> <span class='ocrx_word' id='word_1_394' title='bbox 302 3427 350 3478; x_wconf 89' lang='lat' dir='ltr'><strong>hoc</strong></span> <span class='ocrx_word' id='word_1_395' title='bbox 362 3431 482 3491; x_wconf 67' lang='lat' dir='ltr'><strong>tuccius,</strong></span> <span class='ocrx_word' id='word_1_396' title='bbox 496 3444 540 3479; x_wconf 90' lang='lat' dir='ltr'><strong>seu</strong></span> <span class='ocrx_word' id='word_1_397' title='bbox 558 3433 673 3480; x_wconf 81' lang='lat' dir='ltr'><strong>minister</strong></span> <span class='ocrx_word' id='word_1_398' title='bbox 689 3434 803 3489; x_wconf 78' lang='lat' dir='ltr'><strong>Scione,</strong></span> <span class='ocrx_word' id='word_1_399' title='bbox 817 3445 861 3493; x_wconf 88' lang='lat' dir='ltr'><strong>per</strong></span> <span class='ocrx_word' id='word_1_400' title='bbox 879 3433 1004 3493; x_wconf 85' lang='lat' dir='ltr'><strong>quemad</strong></span> <span class='ocrx_word' id='word_1_401' title='bbox 1019 3437 1142 3495; x_wconf 85' lang='lat' dir='ltr'><strong>peecatum</strong></span> <span class='ocrx_word' id='word_1_402' title='bbox 1158 3424 1196 3470; x_wconf 85' lang='lat' dir='ltr'><strong>im·</strong></span> 
     </span>
     <span class='ocr_line' id='line_1_46' title="bbox 162 3494 698 3562; baseline 0.006 -17"><span class='ocrx_word' id='word_1_403' title='bbox 162 3494 233 3559; x_wconf 86' lang='lat' dir='ltr'><strong>pellit</strong></span> <span class='ocrx_word' id='word_1_404' title='bbox 244 3515 250 3544; x_wconf 86' lang='lat'>:</span> <span class='ocrx_word' id='word_1_405' title='bbox 262 3497 328 3557; x_wconf 88' lang='lat' dir='ltr'><strong>quod</strong></span> <span class='ocrx_word' id='word_1_406' title='bbox 339 3498 369 3546; x_wconf 88' lang='grc'><strong>(10</strong></span> <span class='ocrx_word' id='word_1_407' title='bbox 380 3500 473 3548; x_wconf 84' lang='lat' dir='ltr'><strong>morbis</strong></span> <span class='ocrx_word' id='word_1_408' title='bbox 485 3500 533 3548; x_wconf 86' lang='lat' dir='ltr'><strong>dici</strong></span> <span class='ocrx_word' id='word_1_409' title='bbox 547 3513 598 3549; x_wconf 90' lang='lat' dir='ltr'><strong>non</strong></span> <span class='ocrx_word' id='word_1_410' title='bbox 609 3506 698 3562; x_wconf 86' lang='lat' dir='ltr'><strong>potest.</strong></span> 
     </span>
    </p>

    <p class='ocr_par' dir='ltr' id='par_1_24' title="bbox 161 3555 1193 3691">
     <span class='ocr_line' id='line_1_47' title="bbox 192 3555 1193 3638; baseline 0.001 -21"><span class='ocrx_word' id='word_1_411' title='bbox 192 3570 284 3629; x_wconf 69' lang='lat' dir='ltr'><strong>Quinctii</strong></span> <span class='ocrx_word' id='word_1_412' title='bbox 295 3608 301 3629; x_wconf 90' lang='lat'><strong>,</strong></span> <span class='ocrx_word' id='word_1_413' title='bbox 313 3570 360 3619; x_wconf 89' lang='lat' dir='ltr'><strong>boc</strong></span> <span class='ocrx_word' id='word_1_414' title='bbox 377 3573 539 3635; x_wconf 72' lang='lat' dir='ltr'><strong>colaphizat,</strong></span> <span class='ocrx_word' id='word_1_415' title='bbox 551 3587 595 3623; x_wconf 91' lang='lat' dir='ltr'><strong>seu</strong></span> <span class='ocrx_word' id='word_1_416' title='bbox 614 3576 671 3638; x_wconf 77' lang='lat' dir='ltr'><strong>pitis</strong></span> <span class='ocrx_word' id='word_1_417' title='bbox 688 3574 791 3637; x_wconf 90' lang='lat' dir='ltr'><strong>pudoris</strong></span> <span class='ocrx_word' id='word_1_418' title='bbox 807 3582 912 3635; x_wconf 88' lang='lat' dir='ltr'><strong>causat,</strong></span> <span class='ocrx_word' id='word_1_419' title='bbox 930 3576 1007 3636; x_wconf 82' lang='lat' dir='ltr'><strong>quim</strong></span> <span class='ocrx_word' id='word_1_420' title='bbox 1025 3555 1193 3627; x_wconf 65' lang='grc' dir='ltr'><strong>(1010110101ῠᾶ</strong></span> 
     </span>
     <span class='ocr_line' id='line_1_48' title="bbox 161 3639 501 3691; baseline 0.012 -4"><span class='ocrx_word' id='word_1_421' title='bbox 161 3639 236 3687; x_wconf 87' lang='lat' dir='ltr'><strong>eitum</strong></span> <span class='ocrx_word' id='word_1_422' title='bbox 248 3639 310 3688; x_wconf 86' lang='lat' dir='ltr'><strong>tittlli</strong></span> <span class='ocrx_word' id='word_1_423' title='bbox 322 3639 363 3688; x_wconf 85' lang='lat' dir='ltr'><strong>alii</strong></span> <span class='ocrx_word' id='word_1_424' title='bbox 376 3648 501 3691; x_wconf 73' lang='lat' dir='ltr'><strong>convenit.</strong></span> 
     </span>
    </p>

    <p class='ocr_par' dir='ltr' id='par_1_25' title="bbox 191 3712 1191 3778">
     <span class='ocr_line' id='line_1_49' title="bbox 191 3712 1191 3778; baseline 0.003 -18"><span class='ocrx_word' id='word_1_425' title='bbox 191 3712 355 3773; x_wconf 51' lang='grc'><strong>1101011100</strong></span> <span class='ocrx_word' id='word_1_426' title='bbox 367 3717 464 3764; x_wconf 77' lang='lat' dir='ltr'><strong>summe</strong></span> <span class='ocrx_word' id='word_1_427' title='bbox 475 3717 591 3766; x_wconf 78' lang='lat' dir='ltr'><strong>humiliat</strong></span> <span class='ocrx_word' id='word_1_428' title='bbox 604 3721 716 3767; x_wconf 80' lang='lat' dir='ltr'><strong>aninram</strong></span> <span class='ocrx_word' id='word_1_429' title='bbox 728 3730 814 3767; x_wconf 87' lang='lat' dir='ltr'><strong>eoraur</strong></span> <span class='ocrx_word' id='word_1_430' title='bbox 825 3718 891 3777; x_wconf 88' lang='lat' dir='ltr'><strong>ileo,</strong></span> <span class='ocrx_word' id='word_1_431' title='bbox 901 3722 972 3778; x_wconf 80' lang='lat' dir='ltr'><strong>juxta</strong></span> <span class='ocrx_word' id='word_1_432' title='bbox 984 3719 1061 3768; x_wconf 82' lang='lat' dir='ltr'><strong>tinem</strong></span> <span class='ocrx_word' id='word_1_433' title='bbox 1070 3713 1191 3765; x_wconf 60' lang='lat' dir='ltr'><strong>intutum</strong></span> 
     </span>
    </p>

    <p class='ocr_par' dir='ltr' id='par_1_26' title="bbox 192 3782 661 3845">
     <span class='ocr_line' id='line_1_50' title="bbox 192 3782 661 3845; baseline 0.015 -16"><span class='ocrx_word' id='word_1_434' title='bbox 192 3782 261 3842; x_wconf 70' lang='lat' dir='ltr'><strong>tirreni</strong></span> <span class='ocrx_word' id='word_1_435' title='bbox 273 3794 322 3831; x_wconf 82' lang='lat' dir='ltr'><strong>tion</strong></span> <span class='ocrx_word' id='word_1_436' title='bbox 334 3784 366 3832; x_wconf 83' lang='lat' dir='ltr'><strong>lta</strong></span> <span class='ocrx_word' id='word_1_437' title='bbox 379 3791 496 3845; x_wconf 76' lang='lat' dir='ltr'><strong>prestant</strong></span> <span class='ocrx_word' id='word_1_438' title='bbox 509 3789 594 3835; x_wconf 87' lang='lat' dir='ltr'><strong>omnia</strong></span> <span class='ocrx_word' id='word_1_439' title='bbox 603 3787 661 3836; x_wconf 86' lang='lat' dir='ltr'><strong>alia.</strong></span> 
     </span>
    </p>

    <p class='ocr_par' dir='ltr' id='par_1_27' title="bbox 191 3851 844 3918">
     <span class='ocr_line' id='line_1_51' title="bbox 191 3851 844 3918; baseline 0.005 -16"><span class='ocrx_word' id='word_1_440' title='bbox 191 3851 245 3902; x_wconf 84' lang='lat' dir='ltr'><strong>Non</strong></span> <span class='ocrx_word' id='word_1_441' title='bbox 258 3855 398 3914; x_wconf 81' lang='lat' dir='ltr'><strong>persecutio</strong></span> <span class='ocrx_word' id='word_1_442' title='bbox 409 3873 415 3911; x_wconf 90' lang='lat'>;</span> <span class='ocrx_word' id='word_1_443' title='bbox 428 3857 486 3914; x_wconf 85' lang='lat' dir='ltr'><strong>quia</strong></span> <span class='ocrx_word' id='word_1_444' title='bbox 500 3868 544 3916; x_wconf 83' lang='lat' dir='ltr'><strong>pru</strong></span> <span class='ocrx_word' id='word_1_445' title='bbox 558 3855 606 3904; x_wconf 82' lang='lat' dir='ltr'><strong>lieo</strong></span> <span class='ocrx_word' id='word_1_446' title='bbox 621 3861 672 3918; x_wconf 86' lang='lat' dir='ltr'><strong>pati</strong></span> <span class='ocrx_word' id='word_1_447' title='bbox 683 3896 688 3915; x_wconf 82' lang='lat'><strong>,</strong></span> <span class='ocrx_word' id='word_1_448' title='bbox 698 3857 844 3917; x_wconf 82' lang='lat' dir='ltr'><strong>gloriosum.</strong></span> 
     </span>
    </p>

    <p class='ocr_par' dir='ltr' id='par_1_28' title="bbox 193 3918 891 3988">
     <span class='ocr_line' id='line_1_52' title="bbox 193 3918 891 3988; baseline 0.01 -18"><span class='ocrx_word' id='word_1_449' title='bbox 193 3918 246 3971; x_wconf 82' lang='lat' dir='ltr'><strong>Nou</strong></span> <span class='ocrx_word' id='word_1_450' title='bbox 258 3920 392 3983; x_wconf 66' lang='grc'><strong>1131110110,</strong></span> <span class='ocrx_word' id='word_1_451' title='bbox 406 3934 460 3983; x_wconf 76' lang='lat' dir='ltr'><strong>qun</strong></span> <span class='ocrx_word' id='word_1_452' title='bbox 471 3936 561 3986; x_wconf 77' lang='lat' dir='ltr'><strong>corpus</strong></span> <span class='ocrx_word' id='word_1_453' title='bbox 574 3926 685 3988; x_wconf 79' lang='grc'><strong>(1110101,</strong></span> <span class='ocrx_word' id='word_1_454' title='bbox 697 3938 750 3975; x_wconf 88' lang='lat' dir='ltr'><strong>non</strong></span> <span class='ocrx_word' id='word_1_455' title='bbox 765 3929 891 3977; x_wconf 77' lang='lat' dir='ltr'><strong>animum.</strong></span> 
     </span>
    </p>
   </div>
   <div class='ocr_carea' id='block_1_6' title="bbox 0 0 1270 4424">
    <p class='ocr_par' dir='ltr' id='par_1_29' title="bbox 0 0 1270 4424">
     <span class='ocr_line' id='line_1_53' title="bbox 0 0 1270 4424; baseline 0 0"><span class='ocrx_word' id='word_1_456' title='bbox 0 0 1270 4424; x_wconf 95' lang='lat' dir='ltr'><strong> </strong></span> 
     </span>
    </p>
   </div>
  </div>
 </body>
</html>
