<?xml version="1.0" encoding="UTF-8"?>
<!DOCTYPE html PUBLIC "-//W3C//DTD XHTML 1.0 Transitional//EN"
    "http://www.w3.org/TR/xhtml1/DTD/xhtml1-transitional.dtd">
<html xmlns="http://www.w3.org/1999/xhtml" xml:lang="en" lang="en">
 <head>
  <title>
</title>
<meta http-equiv="Content-Type" content="text/html;charset=utf-8" />
  <meta name='ocr-system' content='tesseract 3.04.00' />
  <meta name='ocr-capabilities' content='ocr_page ocr_carea ocr_par ocr_line ocrx_word'/>
</head>
<body>
  <div class='ocr_page' id='page_1' title='image "./epistolarumbpau01berngoog_0238.png"; bbox 0 0 2512 4424; ppageno 0'>
   <div class='ocr_carea' id='block_1_1' title="bbox 304 197 1129 288">
    <p class='ocr_par' dir='ltr' id='par_1_1' title="bbox 304 197 1129 288">
     <span class='ocr_line' id='line_1_1' title="bbox 304 197 1129 288; baseline -0.007 -1"><span class='ocrx_word' id='word_1_1' title='bbox 304 232 888 288; x_wconf 75' lang='grc'><strong>3313333333331313.’333.13.</strong></span> <span class='ocrx_word' id='word_1_2' title='bbox 1017 197 1025 203; x_wconf 70' lang='grc'><strong>’</strong></span> <span class='ocrx_word' id='word_1_3' title='bbox 1076 230 1129 283; x_wconf 81' lang='grc'>333</span> 
     </span>
    </p>
   </div>
   <div class='ocr_carea' id='block_1_2' title="bbox 64 321 1129 466">
    <p class='ocr_par' dir='ltr' id='par_1_2' title="bbox 64 321 1129 466">
     <span class='ocr_line' id='line_1_2' title="bbox 64 321 1129 392; baseline -0.009 -13"><span class='ocrx_word' id='word_1_4' title='bbox 64 327 204 392; x_wconf 86' lang='lat' dir='ltr'>parturio,</span> <span class='ocrx_word' id='word_1_5' title='bbox 246 329 335 383; x_wconf 90' lang='lat' dir='ltr'>donec</span> <span class='ocrx_word' id='word_1_6' title='bbox 374 330 508 383; x_wconf 80' lang='lat' dir='ltr'>formetur</span> <span class='ocrx_word' id='word_1_7' title='bbox 530 339 575 388; x_wconf 83' lang='lat' dir='ltr'>pro</span> <span class='ocrx_word' id='word_1_8' title='bbox 588 327 680 388; x_wconf 85' lang='lat' dir='ltr'>quibus</span> <span class='ocrx_word' id='word_1_9' title='bbox 698 325 822 375; x_wconf 83' lang='lat' dir='ltr'>secundos</span> <span class='ocrx_word' id='word_1_10' title='bbox 838 327 865 375; x_wconf 89' lang='lat' dir='ltr'>in</span> <span class='ocrx_word' id='word_1_11' title='bbox 884 326 957 386; x_wconf 88' lang='lat' dir='ltr'>partu</span> <span class='ocrx_word' id='word_1_12' title='bbox 970 321 1066 370; x_wconf 89' lang='lat' dir='ltr'>dolores</span> <span class='ocrx_word' id='word_1_13' title='bbox 1083 334 1129 382; x_wconf 88' lang='lat' dir='ltr'>pa-</span> 
     </span>
     <span class='ocr_line' id='line_1_3' title="bbox 65 387 1129 466; baseline -0.02 -9"><span class='ocrx_word' id='word_1_14' title='bbox 65 404 230 466; x_wconf 75' lang='grc'><strong>1131313313</strong></span> <span class='ocrx_word' id='word_1_15' title='bbox 244 407 330 459; x_wconf 62' lang='lat' dir='ltr'>vobis.</span> <span class='ocrx_word' id='word_1_16' title='bbox 529 398 586 453; x_wconf 90' lang='lat' dir='ltr'>tior,</span> <span class='ocrx_word' id='word_1_17' title='bbox 594 395 673 443; x_wconf 90' lang='lat' dir='ltr'>donec</span> <span class='ocrx_word' id='word_1_18' title='bbox 681 395 708 442; x_wconf 92' lang='grc'>13</span> <span class='ocrx_word' id='word_1_19' title='bbox 715 393 785 443; x_wconf 85' lang='grc'><strong>33113</strong></span> <span class='ocrx_word' id='word_1_20' title='bbox 795 397 863 444; x_wconf 87' lang='grc'><strong>33313</strong></span> <span class='ocrx_word' id='word_1_21' title='bbox 870 398 895 441; x_wconf 88' lang='grc'>31</span> <span class='ocrx_word' id='word_1_22' title='bbox 903 404 963 441; x_wconf 87' lang='grc'><strong>3333</strong></span> <span class='ocrx_word' id='word_1_23' title='bbox 971 387 1129 439; x_wconf 85' lang='lat' dir='ltr'>ddesChrlstl</span> 
     </span>
    </p>
   </div>
   <div class='ocr_carea' id='block_1_3' title="bbox 98 463 1129 594">
    <p class='ocr_par' dir='ltr' id='par_1_3' title="bbox 98 463 1129 594">
     <span class='ocr_line' id='line_1_4' title="bbox 98 463 1129 594; baseline -0.005 -16"><span class='ocrx_word' id='word_1_24' title='bbox 98 527 143 579; x_wconf 73' lang='lat'>20.</span> <span class='ocrx_word' id='word_1_25' title='bbox 151 527 353 580; x_wconf 80' lang='lat' dir='ltr'>Vellemautem</span> <span class='ocrx_word' id='word_1_26' title='bbox 361 542 423 581; x_wconf 89' lang='lat' dir='ltr'>esse</span> <span class='ocrx_word' id='word_1_27' title='bbox 432 529 506 594; x_wconf 86' lang='lat' dir='ltr'>apud</span> <span class='ocrx_word' id='word_1_28' title='bbox 529 463 750 579; x_wconf 49' lang='lat' dir='ltr'>forilntlienilalru’iorem</span> <span class='ocrx_word' id='word_1_29' title='bbox 761 528 829 590; x_wconf 89' lang='lat' dir='ltr'>apud</span> <span class='ocrx_word' id='word_1_30' title='bbox 839 540 901 587; x_wconf 88' lang='lat' dir='ltr'>vos,</span> <span class='ocrx_word' id='word_1_31' title='bbox 914 530 939 576; x_wconf 88' lang='lat' dir='ltr'>et</span> <span class='ocrx_word' id='word_1_32' title='bbox 951 524 1129 585; x_wconf 78' lang='lat' dir='ltr'>videremque</span> 
     </span>
    </p>
   </div>
   <div class='ocr_carea' id='block_1_4' title="bbox 43 596 1130 929">
    <p class='ocr_par' dir='ltr' id='par_1_4' title="bbox 63 596 1130 742">
     <span class='ocr_line' id='line_1_5' title="bbox 65 596 1130 666; baseline -0.013 -10"><span class='ocrx_word' id='word_1_33' title='bbox 65 602 230 666; x_wconf 76' lang='lat' dir='ltr'>rosmoda,</span> <span class='ocrx_word' id='word_1_34' title='bbox 245 607 272 656; x_wconf 89' lang='lat' dir='ltr'>et</span> <span class='ocrx_word' id='word_1_35' title='bbox 287 610 395 658; x_wconf 79' lang='lat' dir='ltr'>mutare</span> <span class='ocrx_word' id='word_1_36' title='bbox 407 618 505 658; x_wconf 79' lang='lat' dir='ltr'>vocem</span> <span class='ocrx_word' id='word_1_37' title='bbox 527 599 593 649; x_wconf 89' lang='lat' dir='ltr'>ilnnt</span> <span class='ocrx_word' id='word_1_38' title='bbox 603 600 618 649; x_wconf 81' lang='lat' dir='ltr'>a</span> <span class='ocrx_word' id='word_1_39' title='bbox 627 599 699 649; x_wconf 87' lang='lat' dir='ltr'>vobis</span> <span class='ocrx_word' id='word_1_40' title='bbox 709 635 716 657; x_wconf 97' lang='lat'>,</span> <span class='ocrx_word' id='word_1_41' title='bbox 725 602 767 658; x_wconf 91' lang='lat' dir='ltr'>ut,</span> <span class='ocrx_word' id='word_1_42' title='bbox 778 601 853 660; x_wconf 90' lang='lat' dir='ltr'>prout</span> <span class='ocrx_word' id='word_1_43' title='bbox 863 596 1024 653; x_wconf 88' lang='lat' dir='ltr'>conveniret,</span> <span class='ocrx_word' id='word_1_44' title='bbox 1037 605 1130 643; x_wconf 83' lang='lat' dir='ltr'>sermo·</span> 
     </span>
     <span class='ocr_line' id='line_1_6' title="bbox 63 662 1129 742; baseline -0.009 -21"><span class='ocrx_word' id='word_1_45' title='bbox 63 692 170 742; x_wconf 74' lang='lat' dir='ltr'>meam,</span> <span class='ocrx_word' id='word_1_46' title='bbox 528 680 587 717; x_wconf 90' lang='lat' dir='ltr'>nem</span> <span class='ocrx_word' id='word_1_47' title='bbox 601 679 688 716; x_wconf 90' lang='lat' dir='ltr'>meum</span> <span class='ocrx_word' id='word_1_48' title='bbox 703 667 793 715; x_wconf 89' lang='lat' dir='ltr'>vestris</span> <span class='ocrx_word' id='word_1_49' title='bbox 810 662 1017 727; x_wconf 83' lang='lat' dir='ltr'>disposilionlbus</span> <span class='ocrx_word' id='word_1_50' title='bbox 1030 674 1129 724; x_wconf 86' lang='lat' dir='ltr'>possem</span> 
     </span>
    </p>

    <p class='ocr_par' dir='ltr' id='par_1_5' title="bbox 43 733 1129 929">
     <span class='ocr_line' id='line_1_7' title="bbox 43 733 1098 793; baseline -0.008 -8"><span class='ocrx_word' id='word_1_51' title='bbox 43 778 46 785; x_wconf 94' lang='lat'><em>.</em></span> <span class='ocrx_word' id='word_1_52' title='bbox 527 733 813 793; x_wconf 80' lang='lat' dir='ltr'>accommodare;quod</span> <span class='ocrx_word' id='word_1_53' title='bbox 823 733 914 781; x_wconf 90' lang='lat' dir='ltr'>absens</span> <span class='ocrx_word' id='word_1_54' title='bbox 924 743 974 779; x_wconf 94' lang='lat' dir='ltr'>non</span> <span class='ocrx_word' id='word_1_55' title='bbox 986 742 1098 792; x_wconf 85' lang='lat' dir='ltr'>possum.</span> 
     </span>
     <span class='ocr_line' id='line_1_8' title="bbox 62 796 1129 861; baseline 0.001 -14"><span class='ocrx_word' id='word_1_56' title='bbox 62 796 202 858; x_wconf 81' lang='lat' dir='ltr'><strong>Quoniam</strong></span> <span class='ocrx_word' id='word_1_57' title='bbox 213 797 370 851; x_wconf 77' lang='lat' dir='ltr'>confundor</span> <span class='ocrx_word' id='word_1_58' title='bbox 378 799 406 850; x_wconf 85' lang='lat' dir='ltr'>in</span> <span class='ocrx_word' id='word_1_59' title='bbox 417 799 503 851; x_wconf 87' lang='lat' dir='ltr'>vobis.</span> <span class='ocrx_word' id='word_1_60' title='bbox 558 801 619 861; x_wconf 86' lang='lat' dir='ltr'>Quia</span> <span class='ocrx_word' id='word_1_61' title='bbox 640 804 709 850; x_wconf 89' lang='lat' dir='ltr'>enim</span> <span class='ocrx_word' id='word_1_62' title='bbox 721 814 772 850; x_wconf 93' lang='lat' dir='ltr'>non</span> <span class='ocrx_word' id='word_1_63' title='bbox 786 800 858 849; x_wconf 88' lang='lat' dir='ltr'>vldeo</span> <span class='ocrx_word' id='word_1_64' title='bbox 876 799 1000 860; x_wconf 83' lang='lat' dir='ltr'>quomodo</span> <span class='ocrx_word' id='word_1_65' title='bbox 1017 800 1072 848; x_wconf 80' lang='lat' dir='ltr'>sitis</span> <span class='ocrx_word' id='word_1_66' title='bbox 1090 797 1129 848; x_wconf 81' lang='lat' dir='ltr'>ai·</span> 
     </span>
     <span class='ocr_line' id='line_1_9' title="bbox 528 868 1129 929; baseline -0.003 -11"><span class='ocrx_word' id='word_1_67' title='bbox 528 869 676 928; x_wconf 69' lang='lat' dir='ltr'>iect15hluc</span> <span class='ocrx_word' id='word_1_68' title='bbox 695 869 795 929; x_wconf 84' lang='grc'><strong>1113133,</strong></span> <span class='ocrx_word' id='word_1_69' title='bbox 809 868 898 917; x_wconf 80' lang='lat' dir='ltr'>haeslto</span> <span class='ocrx_word' id='word_1_70' title='bbox 917 869 1129 925; x_wconf 84' lang='grc'><strong>31333333,333·</strong></span> 
     </span>
    </p>
   </div>
   <div class='ocr_carea' id='block_1_5' title="bbox 97 936 1129 1068">
    <p class='ocr_par' dir='ltr' id='par_1_6' title="bbox 97 936 1129 1068">
     <span class='ocr_line' id='line_1_10' title="bbox 176 936 1061 1003; baseline -0.008 -12"><span class='ocrx_word' id='word_1_71' title='bbox 176 992 181 1003; x_wconf 76' lang='grc'><strong>,</strong></span> <span class='ocrx_word' id='word_1_72' title='bbox 529 941 599 989; x_wconf 88' lang='grc'><strong>31333</strong></span> <span class='ocrx_word' id='word_1_73' title='bbox 612 951 662 1000; x_wconf 85' lang='lat' dir='ltr'>quo</span> <span class='ocrx_word' id='word_1_74' title='bbox 673 940 798 987; x_wconf 88' lang='lat' dir='ltr'>sermonis</span> <span class='ocrx_word' id='word_1_75' title='bbox 810 947 901 999; x_wconf 79' lang='lat' dir='ltr'>genere</span> <span class='ocrx_word' id='word_1_76' title='bbox 915 936 1004 985; x_wconf 87' lang='lat' dir='ltr'>debeat</span> <span class='ocrx_word' id='word_1_77' title='bbox 1015 938 1061 984; x_wconf 90' lang='lat' dir='ltr'>uti.</span> 
     </span>
     <span class='ocr_line' id='line_1_11' title="bbox 97 993 1129 1068; baseline 0.006 -22"><span class='ocrx_word' id='word_1_78' title='bbox 97 996 143 1046; x_wconf 72' lang='lat'>21.</span> <span class='ocrx_word' id='word_1_79' title='bbox 151 993 314 1047; x_wconf 84' lang='lat' dir='ltr'>Diciiemllii</span> <span class='ocrx_word' id='word_1_80' title='bbox 323 995 371 1061; x_wconf 83' lang='lat' dir='ltr'>qui</span> <span class='ocrx_word' id='word_1_81' title='bbox 382 996 434 1048; x_wconf 91' lang='lat' dir='ltr'>sub</span> <span class='ocrx_word' id='word_1_82' title='bbox 445 997 506 1064; x_wconf 87' lang='lat' dir='ltr'>iege</span> <span class='ocrx_word' id='word_1_83' title='bbox 558 1005 713 1068; x_wconf 82' lang='lat' dir='ltr'>Respondete</span> <span class='ocrx_word' id='word_1_84' title='bbox 725 1005 799 1065; x_wconf 89' lang='lat' dir='ltr'>mihi,</span> <span class='ocrx_word' id='word_1_85' title='bbox 808 1017 862 1064; x_wconf 90' lang='grc'><strong>333,</strong></span> <span class='ocrx_word' id='word_1_86' title='bbox 872 1005 916 1064; x_wconf 83' lang='lat' dir='ltr'>oui</span> <span class='ocrx_word' id='word_1_87' title='bbox 928 1003 974 1052; x_wconf 87' lang='lat' dir='ltr'>sub</span> <span class='ocrx_word' id='word_1_88' title='bbox 986 1002 1040 1064; x_wconf 83' lang='lat' dir='ltr'>lege</span> <span class='ocrx_word' id='word_1_89' title='bbox 1052 1001 1129 1052; x_wconf 88' lang='lat' dir='ltr'>vultis</span> 
     </span>
    </p>
   </div>
   <div class='ocr_carea' id='block_1_6' title="bbox 92 1139 1127 1203">
    <p class='ocr_par' dir='ltr' id='par_1_7' title="bbox 92 1139 1127 1203">
     <span class='ocr_line' id='line_1_12' title="bbox 92 1139 1127 1203; baseline 0.003 -17"><span class='ocrx_word' id='word_1_90' title='bbox 92 1140 168 1187; x_wconf 90' lang='lat' dir='ltr'>llunc</span> <span class='ocrx_word' id='word_1_91' title='bbox 179 1143 265 1187; x_wconf 90' lang='lat' dir='ltr'>autem</span> <span class='ocrx_word' id='word_1_92' title='bbox 276 1143 421 1188; x_wconf 89' lang='lat' dir='ltr'>maternum</span> <span class='ocrx_word' id='word_1_93' title='bbox 432 1153 490 1201; x_wconf 86' lang='lat' dir='ltr'>erga</span> <span class='ocrx_word' id='word_1_94' title='bbox 501 1141 601 1191; x_wconf 87' lang='lat' dir='ltr'>Galatas</span> <span class='ocrx_word' id='word_1_95' title='bbox 616 1141 736 1191; x_wconf 86' lang='lat' dir='ltr'>allecium</span> <span class='ocrx_word' id='word_1_96' title='bbox 751 1142 868 1203; x_wconf 85' lang='lat' dir='ltr'>exprimit</span> <span class='ocrx_word' id='word_1_97' title='bbox 881 1139 968 1189; x_wconf 84' lang='lat' dir='ltr'>dicens</span> <span class='ocrx_word' id='word_1_98' title='bbox 982 1158 989 1187; x_wconf 73' lang='grc' dir='ltr'><strong>ε</strong></span> <span class='ocrx_word' id='word_1_99' title='bbox 1011 1140 1127 1201; x_wconf 80' lang='grc'><strong>3333113-</strong></span> 
     </span>
    </p>
   </div>
   <div class='ocr_carea' id='block_1_7' title="bbox 59 1208 1128 1948">
    <p class='ocr_par' dir='ltr' id='par_1_8' title="bbox 61 1208 1128 1338">
     <span class='ocr_line' id='line_1_13' title="bbox 61 1208 1128 1272; baseline 0.001 -14"><span class='ocrx_word' id='word_1_100' title='bbox 61 1223 123 1258; x_wconf 86' lang='lat' dir='ltr'>rum</span> <span class='ocrx_word' id='word_1_101' title='bbox 139 1209 269 1271; x_wconf 79' lang='lat' dir='ltr'>portario.</span> <span class='ocrx_word' id='word_1_102' title='bbox 283 1208 337 1269; x_wconf 81' lang='lat' dir='ltr'>Quo</span> <span class='ocrx_word' id='word_1_103' title='bbox 349 1210 426 1258; x_wconf 90' lang='lat' dir='ltr'>verbo</span> <span class='ocrx_word' id='word_1_104' title='bbox 446 1211 572 1272; x_wconf 79' lang='lat' dir='ltr'>significat</span> <span class='ocrx_word' id='word_1_105' title='bbox 592 1223 680 1261; x_wconf 85' lang='lat' dir='ltr'>omnes</span> <span class='ocrx_word' id='word_1_106' title='bbox 698 1210 775 1260; x_wconf 87' lang='lat' dir='ltr'>simul</span> <span class='ocrx_word' id='word_1_107' title='bbox 794 1212 873 1260; x_wconf 90' lang='lat' dir='ltr'>animi</span> <span class='ocrx_word' id='word_1_108' title='bbox 890 1212 929 1260; x_wconf 90' lang='lat' dir='ltr'>sul</span> <span class='ocrx_word' id='word_1_109' title='bbox 949 1208 1078 1259; x_wconf 80' lang='lat' dir='ltr'>molestias</span> <span class='ocrx_word' id='word_1_110' title='bbox 1097 1223 1128 1259; x_wconf 92' lang='lat' dir='ltr'>ac</span> 
     </span>
     <span class='ocr_line' id='line_1_14' title="bbox 62 1275 546 1338; baseline 0.004 -11"><span class='ocrx_word' id='word_1_111' title='bbox 62 1278 146 1327; x_wconf 91' lang='lat' dir='ltr'>cordis</span> <span class='ocrx_word' id='word_1_112' title='bbox 160 1275 257 1325; x_wconf 86' lang='lat' dir='ltr'>dolores</span> <span class='ocrx_word' id='word_1_113' title='bbox 276 1289 322 1338; x_wconf 93' lang='lat' dir='ltr'>pro</span> <span class='ocrx_word' id='word_1_114' title='bbox 338 1275 440 1326; x_wconf 90' lang='lat' dir='ltr'>illorum</span> <span class='ocrx_word' id='word_1_115' title='bbox 456 1279 546 1329; x_wconf 91' lang='lat' dir='ltr'>salute.</span> 
     </span>
    </p>

    <p class='ocr_par' dir='ltr' id='par_1_9' title="bbox 59 1345 1126 1478">
     <span class='ocr_line' id='line_1_15' title="bbox 91 1345 1126 1411; baseline 0.003 -17"><span class='ocrx_word' id='word_1_116' title='bbox 91 1346 183 1394; x_wconf 85' lang='lat' dir='ltr'>Parius</span> <span class='ocrx_word' id='word_1_117' title='bbox 198 1345 318 1407; x_wconf 82' lang='lat' dir='ltr'>physicus</span> <span class='ocrx_word' id='word_1_118' title='bbox 337 1348 428 1396; x_wconf 86' lang='lat' dir='ltr'>unicus</span> <span class='ocrx_word' id='word_1_119' title='bbox 442 1350 495 1408; x_wconf 89' lang='grc'><strong>331,</strong></span> <span class='ocrx_word' id='word_1_120' title='bbox 513 1352 600 1411; x_wconf 82' lang='lat' dir='ltr'>partus</span> <span class='ocrx_word' id='word_1_121' title='bbox 615 1347 675 1398; x_wconf 86' lang='grc'><strong>3331</strong></span> <span class='ocrx_word' id='word_1_122' title='bbox 695 1346 797 1397; x_wconf 85' lang='lat' dir='ltr'>moralis</span> <span class='ocrx_word' id='word_1_123' title='bbox 816 1351 854 1396; x_wconf 90' lang='grc'>331</span> <span class='ocrx_word' id='word_1_124' title='bbox 869 1345 1018 1408; x_wconf 71' lang='grc'><strong>3331131331</strong></span> <span class='ocrx_word' id='word_1_125' title='bbox 1035 1349 1126 1397; x_wconf 76' lang='lat' dir='ltr'>lteram</span> 
     </span>
     <span class='ocr_line' id='line_1_16' title="bbox 59 1415 191 1478; baseline -0.015 -13"><span class='ocrx_word' id='word_1_126' title='bbox 59 1415 191 1478; x_wconf 74' lang='lat' dir='ltr'>portario.</span> 
     </span>
    </p>

    <p class='ocr_par' dir='ltr' id='par_1_10' title="bbox 62 1482 1127 1616">
     <span class='ocr_line' id='line_1_17' title="bbox 92 1482 1127 1545; baseline 0.004 -12"><span class='ocrx_word' id='word_1_127' title='bbox 92 1486 178 1533; x_wconf 76' lang='lat' dir='ltr'>Donec</span> <span class='ocrx_word' id='word_1_128' title='bbox 189 1482 311 1545; x_wconf 77' lang='grc'><strong>1333131113</strong></span> <span class='ocrx_word' id='word_1_129' title='bbox 332 1483 474 1536; x_wconf 74' lang='lat' dir='ltr'>cbristus...</span> <span class='ocrx_word' id='word_1_130' title='bbox 495 1485 803 1545; x_wconf 76' lang='lat' dir='ltr'>Christus,seudh1·istl</span> <span class='ocrx_word' id='word_1_131' title='bbox 826 1485 902 1545; x_wconf 84' lang='lat' dir='ltr'>tides,</span> <span class='ocrx_word' id='word_1_132' title='bbox 922 1486 1014 1534; x_wconf 78' lang='lat' dir='ltr'>anima</span> <span class='ocrx_word' id='word_1_133' title='bbox 1036 1489 1127 1538; x_wconf 81' lang='lat' dir='ltr'>nostra</span> 
     </span>
     <span class='ocr_line' id='line_1_18' title="bbox 62 1555 664 1616; baseline 0.005 -12"><span class='ocrx_word' id='word_1_134' title='bbox 62 1555 145 1604; x_wconf 83' lang='lat' dir='ltr'>torma</span> <span class='ocrx_word' id='word_1_135' title='bbox 162 1557 215 1612; x_wconf 88' lang='lat' dir='ltr'>est,</span> <span class='ocrx_word' id='word_1_136' title='bbox 231 1555 347 1604; x_wconf 75' lang='lat' dir='ltr'>aevitas</span> <span class='ocrx_word' id='word_1_137' title='bbox 364 1557 452 1605; x_wconf 77' lang='grc'><strong>133133</strong></span> <span class='ocrx_word' id='word_1_138' title='bbox 465 1570 494 1608; x_wconf 85' lang='grc'>33</span> <span class='ocrx_word' id='word_1_139' title='bbox 507 1557 556 1616; x_wconf 71' lang='lat' dir='ltr'>fide</span> <span class='ocrx_word' id='word_1_140' title='bbox 572 1560 664 1608; x_wconf 81' lang='lat' dir='ltr'>eicit...</span> 
     </span>
    </p>

    <p class='ocr_par' dir='ltr' id='par_1_11' title="bbox 63 1623 1126 1754">
     <span class='ocr_line' id='line_1_19' title="bbox 92 1623 1126 1687; baseline 0.003 -14"><span class='ocrx_word' id='word_1_141' title='bbox 92 1624 165 1673; x_wconf 84' lang='grc'><strong>11333</strong></span> <span class='ocrx_word' id='word_1_142' title='bbox 176 1623 252 1672; x_wconf 87' lang='lat' dir='ltr'>iidem</span> <span class='ocrx_word' id='word_1_143' title='bbox 264 1636 308 1684; x_wconf 88' lang='lat' dir='ltr'>per</span> <span class='ocrx_word' id='word_1_144' title='bbox 320 1623 448 1684; x_wconf 78' lang='lat' dir='ltr'>Evangelii</span> <span class='ocrx_word' id='word_1_145' title='bbox 460 1625 665 1687; x_wconf 75' lang='lat' dir='ltr'>predicationem</span> <span class='ocrx_word' id='word_1_146' title='bbox 678 1625 771 1676; x_wconf 81' lang='lat' dir='ltr'>Paulus</span> <span class='ocrx_word' id='word_1_147' title='bbox 782 1623 876 1676; x_wconf 84' lang='lat' dir='ltr'>Galatis</span> <span class='ocrx_word' id='word_1_148' title='bbox 886 1626 1126 1687; x_wconf 77' lang='lat' dir='ltr'>communicaverat,</span> 
     </span>
     <span class='ocr_line' id='line_1_20' title="bbox 63 1690 624 1754; baseline 0.004 -14"><span class='ocrx_word' id='word_1_149' title='bbox 63 1694 181 1754; x_wconf 85' lang='lat' dir='ltr'>ipsosque</span> <span class='ocrx_word' id='word_1_150' title='bbox 197 1691 296 1740; x_wconf 85' lang='lat' dir='ltr'>Christo</span> <span class='ocrx_word' id='word_1_151' title='bbox 313 1692 349 1740; x_wconf 92' lang='lat' dir='ltr'>sic</span> <span class='ocrx_word' id='word_1_152' title='bbox 365 1690 478 1752; x_wconf 79' lang='lat' dir='ltr'>primum</span> <span class='ocrx_word' id='word_1_153' title='bbox 495 1697 624 1754; x_wconf 79' lang='lat' dir='ltr'>genuerat.</span> 
     </span>
    </p>

    <p class='ocr_par' dir='ltr' id='par_1_12' title="bbox 62 1757 1126 1948">
     <span class='ocr_line' id='line_1_21' title="bbox 94 1757 1126 1822; baseline 0.003 -13"><span class='ocrx_word' id='word_1_154' title='bbox 94 1760 127 1810; x_wconf 87' lang='lat' dir='ltr'>ilt</span> <span class='ocrx_word' id='word_1_155' title='bbox 140 1763 201 1822; x_wconf 88' lang='lat' dir='ltr'>quia</span> <span class='ocrx_word' id='word_1_156' title='bbox 214 1761 245 1810; x_wconf 88' lang='lat' dir='ltr'>ab</span> <span class='ocrx_word' id='word_1_157' title='bbox 259 1757 400 1821; x_wconf 88' lang='lat' dir='ltr'>evangelica</span> <span class='ocrx_word' id='word_1_158' title='bbox 419 1763 524 1810; x_wconf 88' lang='lat' dir='ltr'>veritate</span> <span class='ocrx_word' id='word_1_159' title='bbox 542 1762 734 1820; x_wconf 87' lang='lat' dir='ltr'>aberraverant,</span> <span class='ocrx_word' id='word_1_160' title='bbox 748 1774 839 1821; x_wconf 86' lang='lat' dir='ltr'>magno</span> <span class='ocrx_word' id='word_1_161' title='bbox 855 1764 915 1810; x_wconf 80' lang='lat' dir='ltr'>nixu</span> <span class='ocrx_word' id='word_1_162' title='bbox 936 1765 961 1811; x_wconf 92' lang='grc'>31</span> <span class='ocrx_word' id='word_1_163' title='bbox 981 1761 1066 1812; x_wconf 89' lang='lat' dir='ltr'>dolore</span> <span class='ocrx_word' id='word_1_164' title='bbox 1082 1776 1126 1814; x_wconf 90' lang='lat' dir='ltr'>co-</span> 
     </span>
     <span class='ocr_line' id='line_1_22' title="bbox 63 1827 1126 1894; baseline 0.003 -16"><span class='ocrx_word' id='word_1_165' title='bbox 63 1834 142 1878; x_wconf 90' lang='lat' dir='ltr'>natur</span> <span class='ocrx_word' id='word_1_166' title='bbox 154 1828 210 1879; x_wconf 89' lang='lat' dir='ltr'>illos</span> <span class='ocrx_word' id='word_1_167' title='bbox 225 1828 258 1878; x_wconf 92' lang='lat' dir='ltr'>ad</span> <span class='ocrx_word' id='word_1_168' title='bbox 274 1827 404 1890; x_wconf 81' lang='lat' dir='ltr'>Evangelii</span> <span class='ocrx_word' id='word_1_169' title='bbox 419 1831 551 1880; x_wconf 85' lang='lat' dir='ltr'>veritatem</span> <span class='ocrx_word' id='word_1_170' title='bbox 567 1842 702 1890; x_wconf 86' lang='lat' dir='ltr'>revocare,</span> <span class='ocrx_word' id='word_1_171' title='bbox 718 1830 815 1890; x_wconf 88' lang='lat' dir='ltr'>hocque</span> <span class='ocrx_word' id='word_1_172' title='bbox 828 1829 965 1878; x_wconf 90' lang='lat' dir='ltr'>secundam</span> <span class='ocrx_word' id='word_1_173' title='bbox 978 1835 1051 1880; x_wconf 87' lang='lat' dir='ltr'>vocat</span> <span class='ocrx_word' id='word_1_174' title='bbox 1068 1845 1126 1894; x_wconf 91' lang='lat' dir='ltr'>par-</span> 
     </span>
     <span class='ocr_line' id='line_1_23' title="bbox 62 1900 1023 1948; baseline 0.001 -3"><span class='ocrx_word' id='word_1_175' title='bbox 62 1900 220 1948; x_wconf 88' lang='lat' dir='ltr'>turiiionem.</span> <span class='ocrx_word' id='word_1_176' title='bbox 1019 1917 1023 1925; x_wconf 96' lang='lat'><em>·</em></span> 
     </span>
    </p>
   </div>
   <div class='ocr_carea' id='block_1_8' title="bbox 62 1972 1136 3635">
    <p class='ocr_par' dir='ltr' id='par_1_13' title="bbox 94 1972 575 2035">
     <span class='ocr_line' id='line_1_24' title="bbox 94 1972 575 2035; baseline 0.002 -13"><span class='ocrx_word' id='word_1_177' title='bbox 94 1976 135 2022; x_wconf 80' lang='lat'>20.</span> <span class='ocrx_word' id='word_1_178' title='bbox 151 1972 242 2022; x_wconf 84' lang='lat' dir='ltr'>Vellem</span> <span class='ocrx_word' id='word_1_179' title='bbox 255 1977 338 2021; x_wconf 77' lang='grc'><strong>331333</strong></span> <span class='ocrx_word' id='word_1_180' title='bbox 352 1986 402 2022; x_wconf 82' lang='lat' dir='ltr'>esre</span> <span class='ocrx_word' id='word_1_181' title='bbox 417 1973 488 2035; x_wconf 84' lang='lat' dir='ltr'>apud</span> <span class='ocrx_word' id='word_1_182' title='bbox 502 1987 575 2024; x_wconf 84' lang='grc'><strong>333...</strong></span> 
     </span>
    </p>

    <p class='ocr_par' dir='ltr' id='par_1_14' title="bbox 62 2026 1126 2301">
     <span class='ocr_line' id='line_1_25' title="bbox 94 2026 1126 2105; baseline 0.002 -13"><span class='ocrx_word' id='word_1_183' title='bbox 94 2043 125 2092; x_wconf 89' lang='lat' dir='ltr'>Ut</span> <span class='ocrx_word' id='word_1_184' title='bbox 138 2041 267 2092; x_wconf 86' lang='lat' dir='ltr'>Christum</span> <span class='ocrx_word' id='word_1_185' title='bbox 287 2044 314 2090; x_wconf 95' lang='lat' dir='ltr'>in</span> <span class='ocrx_word' id='word_1_186' title='bbox 328 2041 421 2090; x_wconf 84' lang='lat' dir='ltr'>Galatis</span> <span class='ocrx_word' id='word_1_187' title='bbox 437 2041 543 2103; x_wconf 79' lang='lat' dir='ltr'>formet,</span> <span class='ocrx_word' id='word_1_188' title='bbox 559 2043 629 2104; x_wconf 88' lang='lat' dir='ltr'>capit</span> <span class='ocrx_word' id='word_1_189' title='bbox 640 2042 707 2103; x_wconf 89' lang='lat' dir='ltr'>apud</span> <span class='ocrx_word' id='word_1_190' title='bbox 720 2041 776 2092; x_wconf 89' lang='grc'><strong>11133</strong></span> <span class='ocrx_word' id='word_1_191' title='bbox 789 2055 842 2092; x_wconf 86' lang='grc'><strong>3333</strong></span> <span class='ocrx_word' id='word_1_192' title='bbox 849 2026 878 2092; x_wconf 80' lang='lat' dir='ltr'>&#39;et</span> <span class='ocrx_word' id='word_1_193' title='bbox 893 2043 979 2092; x_wconf 86' lang='lat' dir='ltr'>videre</span> <span class='ocrx_word' id='word_1_194' title='bbox 992 2056 1048 2105; x_wconf 80' lang='lat' dir='ltr'>qua</span> <span class='ocrx_word' id='word_1_195' title='bbox 1060 2043 1126 2094; x_wconf 87' lang='lat' dir='ltr'>flunt</span> 
     </span>
     <span class='ocr_line' id='line_1_26' title="bbox 62 2111 1126 2174; baseline 0.004 -13"><span class='ocrx_word' id='word_1_196' title='bbox 62 2115 89 2162; x_wconf 89' lang='lat' dir='ltr'>ln</span> <span class='ocrx_word' id='word_1_197' title='bbox 102 2115 155 2173; x_wconf 87' lang='lat' dir='ltr'>ets;</span> <span class='ocrx_word' id='word_1_198' title='bbox 167 2116 196 2161; x_wconf 91' lang='lat' dir='ltr'>ut</span> <span class='ocrx_word' id='word_1_199' title='bbox 208 2112 338 2161; x_wconf 83' lang='grc'><strong>31313333</strong></span> <span class='ocrx_word' id='word_1_200' title='bbox 351 2124 409 2161; x_wconf 89' lang='grc'><strong>3333</strong></span> <span class='ocrx_word' id='word_1_201' title='bbox 420 2112 523 2161; x_wconf 85' lang='lat' dir='ltr'>allectus</span> <span class='ocrx_word' id='word_1_202' title='bbox 535 2116 662 2161; x_wconf 83' lang='lat' dir='ltr'>maternos</span> <span class='ocrx_word' id='word_1_203' title='bbox 673 2113 805 2173; x_wconf 80' lang='lat' dir='ltr'>exprimat,</span> <span class='ocrx_word' id='word_1_204' title='bbox 816 2125 886 2162; x_wconf 91' lang='lat' dir='ltr'>nunc</span> <span class='ocrx_word' id='word_1_205' title='bbox 897 2111 1042 2174; x_wconf 82' lang='lat' dir='ltr'>blandiens,</span> <span class='ocrx_word' id='word_1_206' title='bbox 1057 2127 1126 2165; x_wconf 92' lang='grc'><strong>3333</strong></span> 
     </span>
     <span class='ocr_line' id='line_1_27' title="bbox 62 2180 1125 2244; baseline 0.003 -13"><span class='ocrx_word' id='word_1_207' title='bbox 62 2195 182 2244; x_wconf 86' lang='lat' dir='ltr'>gemens,</span> <span class='ocrx_word' id='word_1_208' title='bbox 196 2194 266 2232; x_wconf 91' lang='lat' dir='ltr'>nunc</span> <span class='ocrx_word' id='word_1_209' title='bbox 279 2181 426 2243; x_wconf 84' lang='lat' dir='ltr'>objurgans,</span> <span class='ocrx_word' id='word_1_210' title='bbox 438 2195 507 2231; x_wconf 91' lang='lat' dir='ltr'>nunc</span> <span class='ocrx_word' id='word_1_211' title='bbox 515 2183 661 2242; x_wconf 79' lang='lat' dir='ltr'>obsecrans,</span> <span class='ocrx_word' id='word_1_212' title='bbox 674 2180 776 2232; x_wconf 87' lang='lat' dir='ltr'>utsclet</span> <span class='ocrx_word' id='word_1_213' title='bbox 788 2185 869 2232; x_wconf 86' lang='grc'><strong>133133</strong></span> <span class='ocrx_word' id='word_1_214' title='bbox 884 2184 912 2232; x_wconf 88' lang='grc'>13</span> <span class='ocrx_word' id='word_1_215' title='bbox 923 2194 1011 2232; x_wconf 85' lang='lat' dir='ltr'>omnes</span> <span class='ocrx_word' id='word_1_216' title='bbox 1020 2183 1125 2234; x_wconf 87' lang='lat' dir='ltr'>allectus</span> 
     </span>
     <span class='ocr_line' id='line_1_28' title="bbox 63 2263 237 2301; baseline -0.006 0"><span class='ocrx_word' id='word_1_217' title='bbox 63 2264 117 2301; x_wconf 89' lang='lat' dir='ltr'>sese</span> <span class='ocrx_word' id='word_1_218' title='bbox 128 2263 237 2301; x_wconf 84' lang='lat' dir='ltr'>versare.</span> 
     </span>
    </p>

    <p class='ocr_par' dir='ltr' id='par_1_15' title="bbox 63 2317 1123 2451">
     <span class='ocr_line' id='line_1_29' title="bbox 95 2317 1123 2384; baseline 0.004 -16"><span class='ocrx_word' id='word_1_219' title='bbox 95 2320 222 2379; x_wconf 82' lang='lat' dir='ltr'>Quoniam</span> <span class='ocrx_word' id='word_1_220' title='bbox 234 2317 372 2380; x_wconf 71' lang='lat' dir='ltr'>confundor</span> <span class='ocrx_word' id='word_1_221' title='bbox 382 2320 409 2368; x_wconf 82' lang='lat' dir='ltr'>ia</span> <span class='ocrx_word' id='word_1_222' title='bbox 420 2319 520 2369; x_wconf 80' lang='grc'><strong>33113...</strong></span> <span class='ocrx_word' id='word_1_223' title='bbox 530 2319 702 2381; x_wconf 67' lang='lat' dir='ltr'>(laqueatam</span> <span class='ocrx_word' id='word_1_224' title='bbox 712 2317 800 2368; x_wconf 83' lang='lat' dir='ltr'>haeslto</span> <span class='ocrx_word' id='word_1_225' title='bbox 810 2321 838 2369; x_wconf 93' lang='lat' dir='ltr'>in</span> <span class='ocrx_word' id='word_1_226' title='bbox 847 2320 925 2369; x_wconf 87' lang='grc'><strong>33113.</strong></span> <span class='ocrx_word' id='word_1_227' title='bbox 936 2319 992 2384; x_wconf 83' lang='lat' dir='ltr'>Syr.</span> <span class='ocrx_word' id='word_1_228' title='bbox 1003 2323 1123 2383; x_wconf 78' lang='lat' dir='ltr'>quoniam</span> 
     </span>
     <span class='ocr_line' id='line_1_30' title="bbox 63 2387 418 2451; baseline -0.008 -11"><span class='ocrx_word' id='word_1_229' title='bbox 63 2387 218 2451; x_wconf 81' lang='lat' dir='ltr'>stupetactus</span> <span class='ocrx_word' id='word_1_230' title='bbox 229 2400 287 2436; x_wconf 89' lang='lat' dir='ltr'>sum</span> <span class='ocrx_word' id='word_1_231' title='bbox 301 2389 328 2436; x_wconf 92' lang='grc'>13</span> <span class='ocrx_word' id='word_1_232' title='bbox 338 2389 418 2438; x_wconf 86' lang='grc'><strong>33113.</strong></span> 
     </span>
    </p>

    <p class='ocr_par' dir='ltr' id='par_1_16' title="bbox 91 2458 662 2520">
     <span class='ocr_line' id='line_1_31' title="bbox 91 2458 662 2520; baseline 0 -12"><span class='ocrx_word' id='word_1_233' title='bbox 91 2460 181 2510; x_wconf 85' lang='lat' dir='ltr'>Nescio</span> <span class='ocrx_word' id='word_1_234' title='bbox 194 2470 244 2519; x_wconf 86' lang='lat' dir='ltr'>quo</span> <span class='ocrx_word' id='word_1_235' title='bbox 260 2461 383 2508; x_wconf 89' lang='lat' dir='ltr'>sermonis</span> <span class='ocrx_word' id='word_1_236' title='bbox 394 2470 484 2520; x_wconf 90' lang='lat' dir='ltr'>genere</span> <span class='ocrx_word' id='word_1_237' title='bbox 499 2458 603 2508; x_wconf 89' lang='lat' dir='ltr'>debeam</span> <span class='ocrx_word' id='word_1_238' title='bbox 615 2462 662 2509; x_wconf 90' lang='lat' dir='ltr'>uti.</span> 
     </span>
    </p>

    <p class='ocr_par' dir='ltr' id='par_1_17' title="bbox 62 2531 1123 2662">
     <span class='ocr_line' id='line_1_32' title="bbox 92 2531 1123 2596; baseline 0 -12"><span class='ocrx_word' id='word_1_239' title='bbox 92 2534 252 2584; x_wconf 83' lang='grc'><strong>0333331313</strong></span> <span class='ocrx_word' id='word_1_240' title='bbox 272 2544 390 2582; x_wconf 83' lang='grc'><strong>11331313.</strong></span> <span class='ocrx_word' id='word_1_241' title='bbox 401 2559 433 2569; x_wconf 93' lang='lat'>—-</span> <span class='ocrx_word' id='word_1_242' title='bbox 444 2534 480 2582; x_wconf 83' lang='lat' dir='ltr'>Ab</span> <span class='ocrx_word' id='word_1_243' title='bbox 500 2532 548 2582; x_wconf 91' lang='lat' dir='ltr'>hoc</span> <span class='ocrx_word' id='word_1_244' title='bbox 564 2533 593 2582; x_wconf 90' lang='lat' dir='ltr'>D.</span> <span class='ocrx_word' id='word_1_245' title='bbox 606 2531 677 2582; x_wconf 85' lang='lat' dir='ltr'>Pauli</span> <span class='ocrx_word' id='word_1_246' title='bbox 689 2533 801 2596; x_wconf 83' lang='lat' dir='ltr'>exemplo</span> <span class='ocrx_word' id='word_1_247' title='bbox 817 2533 897 2584; x_wconf 90' lang='lat' dir='ltr'>discat</span> <span class='ocrx_word' id='word_1_248' title='bbox 910 2535 994 2583; x_wconf 86' lang='grc'><strong>313313</strong></span> <span class='ocrx_word' id='word_1_249' title='bbox 1007 2534 1123 2596; x_wconf 82' lang='lat' dir='ltr'>prelatus</span> 
     </span>
     <span class='ocr_line' id='line_1_33' title="bbox 62 2602 1002 2662; baseline -0.003 -9"><span class='ocrx_word' id='word_1_250' title='bbox 62 2616 88 2653; x_wconf 89' lang='grc'>33</span> <span class='ocrx_word' id='word_1_251' title='bbox 102 2606 211 2653; x_wconf 85' lang='lat' dir='ltr'>matrem</span> <span class='ocrx_word' id='word_1_252' title='bbox 230 2613 298 2661; x_wconf 88' lang='lat' dir='ltr'>esse,</span> <span class='ocrx_word' id='word_1_253' title='bbox 313 2605 338 2650; x_wconf 90' lang='grc'>31</span> <span class='ocrx_word' id='word_1_254' title='bbox 350 2604 471 2662; x_wconf 80' lang='lat' dir='ltr'>tanquam</span> <span class='ocrx_word' id='word_1_255' title='bbox 487 2606 595 2650; x_wconf 90' lang='lat' dir='ltr'>matrem</span> <span class='ocrx_word' id='word_1_256' title='bbox 616 2603 668 2650; x_wconf 89' lang='lat' dir='ltr'>suis</span> <span class='ocrx_word' id='word_1_257' title='bbox 685 2614 738 2651; x_wconf 87' lang='lat' dir='ltr'>sese</span> <span class='ocrx_word' id='word_1_258' title='bbox 753 2602 859 2652; x_wconf 86' lang='lat' dir='ltr'>subditis</span> <span class='ocrx_word' id='word_1_259' title='bbox 877 2602 1002 2650; x_wconf 78' lang='lat' dir='ltr'>exhibere.</span> 
     </span>
    </p>

    <p class='ocr_par' dir='ltr' id='par_1_18' title="bbox 91 2669 1123 2733">
     <span class='ocr_line' id='line_1_34' title="bbox 91 2669 1123 2733; baseline -0.001 -12"><span class='ocrx_word' id='word_1_260' title='bbox 91 2672 175 2723; x_wconf 84' lang='lat' dir='ltr'>Discat</span> <span class='ocrx_word' id='word_1_261' title='bbox 188 2670 256 2733; x_wconf 81' lang='lat' dir='ltr'>quta</span> <span class='ocrx_word' id='word_1_262' title='bbox 273 2683 324 2720; x_wconf 91' lang='lat' dir='ltr'>non</span> <span class='ocrx_word' id='word_1_263' title='bbox 336 2671 413 2720; x_wconf 87' lang='lat' dir='ltr'>semel</span> <span class='ocrx_word' id='word_1_264' title='bbox 428 2670 528 2721; x_wconf 75' lang='lat' dir='ltr'>tantiam</span> <span class='ocrx_word' id='word_1_265' title='bbox 541 2707 548 2731; x_wconf 95' lang='lat'>,</span> <span class='ocrx_word' id='word_1_266' title='bbox 565 2669 608 2719; x_wconf 90' lang='lat' dir='ltr'>sed</span> <span class='ocrx_word' id='word_1_267' title='bbox 619 2674 671 2719; x_wconf 89' lang='grc'><strong>1313</strong></span> <span class='ocrx_word' id='word_1_268' title='bbox 685 2683 737 2720; x_wconf 86' lang='grc'><strong>3313</strong></span> <span class='ocrx_word' id='word_1_269' title='bbox 749 2674 807 2722; x_wconf 80' lang='grc'><strong>3113</strong></span> <span class='ocrx_word' id='word_1_270' title='bbox 819 2676 930 2733; x_wconf 86' lang='lat' dir='ltr'>tempore</span> <span class='ocrx_word' id='word_1_271' title='bbox 942 2670 1014 2719; x_wconf 88' lang='lat' dir='ltr'>debet</span> <span class='ocrx_word' id='word_1_272' title='bbox 1025 2670 1123 2720; x_wconf 86' lang='lat' dir='ltr'>Christo</span> 
     </span>
    </p>

    <p class='ocr_par' dir='ltr' id='par_1_19' title="bbox 62 2743 1122 2941">
     <span class='ocr_line' id='line_1_35' title="bbox 79 2743 196 2791; baseline 0 -1"><span class='ocrx_word' id='word_1_273' title='bbox 79 2743 196 2791; x_wconf 89' lang='lat' dir='ltr'>arturire.</span> 
     </span>
     <span class='ocr_line' id='line_1_36' title="bbox 62 2755 1122 2872; baseline -0.004 -12"><span class='ocrx_word' id='word_1_274' title='bbox 62 2755 78 2803; x_wconf 67' lang='lat' dir='ltr'>p</span> <span class='ocrx_word' id='word_1_275' title='bbox 91 2810 177 2861; x_wconf 89' lang='lat' dir='ltr'>Discat</span> <span class='ocrx_word' id='word_1_276' title='bbox 188 2794 262 2872; x_wconf 82' lang='lat' dir='ltr'>&#39;qued</span> <span class='ocrx_word' id='word_1_277' title='bbox 281 2822 341 2859; x_wconf 89' lang='lat' dir='ltr'>cam</span> <span class='ocrx_word' id='word_1_278' title='bbox 362 2808 483 2869; x_wconf 87' lang='lat' dir='ltr'>subditis,</span> <span class='ocrx_word' id='word_1_279' title='bbox 497 2809 569 2870; x_wconf 89' lang='lat' dir='ltr'>quasi</span> <span class='ocrx_word' id='word_1_280' title='bbox 585 2820 645 2857; x_wconf 91' lang='lat' dir='ltr'>cam</span> <span class='ocrx_word' id='word_1_281' title='bbox 661 2809 759 2869; x_wconf 88' lang='lat' dir='ltr'>pueris,</span> <span class='ocrx_word' id='word_1_282' title='bbox 771 2808 844 2858; x_wconf 92' lang='lat' dir='ltr'>debet</span> <span class='ocrx_word' id='word_1_283' title='bbox 855 2820 917 2870; x_wconf 89' lang='lat' dir='ltr'>puer</span> <span class='ocrx_word' id='word_1_284' title='bbox 929 2807 982 2857; x_wconf 89' lang='lat' dir='ltr'>ilerl</span> <span class='ocrx_word' id='word_1_285' title='bbox 997 2811 1022 2856; x_wconf 89' lang='grc'>31</span> <span class='ocrx_word' id='word_1_286' title='bbox 1032 2819 1122 2870; x_wconf 90' lang='lat' dir='ltr'>repue-</span> 
     </span>
     <span class='ocr_line' id='line_1_37' title="bbox 63 2877 1032 2941; baseline -0.005 -11"><span class='ocrx_word' id='word_1_287' title='bbox 63 2893 176 2941; x_wconf 88' lang='lat' dir='ltr'>rascere;</span> <span class='ocrx_word' id='word_1_288' title='bbox 191 2885 220 2928; x_wconf 85' lang='lat' dir='ltr'>ut</span> <span class='ocrx_word' id='word_1_289' title='bbox 233 2892 286 2928; x_wconf 90' lang='lat' dir='ltr'>sese</span> <span class='ocrx_word' id='word_1_290' title='bbox 298 2879 399 2928; x_wconf 91' lang='lat' dir='ltr'>illorum</span> <span class='ocrx_word' id='word_1_291' title='bbox 416 2877 609 2927; x_wconf 84' lang='lat' dir='ltr'>accommodans</span> <span class='ocrx_word' id='word_1_292' title='bbox 622 2877 781 2937; x_wconf 85' lang='lat' dir='ltr'>infirmitati,</span> <span class='ocrx_word' id='word_1_293' title='bbox 796 2877 866 2926; x_wconf 88' lang='lat' dir='ltr'>illam</span> <span class='ocrx_word' id='word_1_294' title='bbox 878 2878 1032 2927; x_wconf 86' lang='lat' dir='ltr'>corroboret.</span> 
     </span>
    </p>

    <p class='ocr_par' dir='ltr' id='par_1_20' title="bbox 63 2948 1136 3150">
     <span class='ocr_line' id='line_1_38' title="bbox 92 2948 1122 3010; baseline -0.006 -10"><span class='ocrx_word' id='word_1_295' title='bbox 92 2951 178 3000; x_wconf 84' lang='lat' dir='ltr'>Discat</span> <span class='ocrx_word' id='word_1_296' title='bbox 199 2949 267 3010; x_wconf 87' lang='lat' dir='ltr'>qudd</span> <span class='ocrx_word' id='word_1_297' title='bbox 284 2949 357 2998; x_wconf 87' lang='lat' dir='ltr'>debet</span> <span class='ocrx_word' id='word_1_298' title='bbox 377 2950 404 2996; x_wconf 91' lang='lat' dir='ltr'>ln</span> <span class='ocrx_word' id='word_1_299' title='bbox 427 2960 514 2996; x_wconf 88' lang='lat' dir='ltr'>omnes</span> <span class='ocrx_word' id='word_1_300' title='bbox 535 2948 641 2996; x_wconf 88' lang='grc'><strong>31133133</strong></span> <span class='ocrx_word' id='word_1_301' title='bbox 657 2959 710 2996; x_wconf 88' lang='grc'><strong>3333</strong></span> <span class='ocrx_word' id='word_1_302' title='bbox 727 2960 842 3008; x_wconf 85' lang='lat' dir='ltr'>versare,</span> <span class='ocrx_word' id='word_1_303' title='bbox 862 2960 932 2995; x_wconf 91' lang='lat' dir='ltr'>nunc</span> <span class='ocrx_word' id='word_1_304' title='bbox 948 2958 1032 3007; x_wconf 86' lang='lat' dir='ltr'>orare,</span> <span class='ocrx_word' id='word_1_305' title='bbox 1053 2959 1122 2995; x_wconf 93' lang='lat' dir='ltr'>nunc</span> 
     </span>
     <span class='ocr_line' id='line_1_39' title="bbox 63 3014 1136 3083; baseline -0.005 -16"><span class='ocrx_word' id='word_1_306' title='bbox 63 3019 177 3083; x_wconf 87' lang='lat' dir='ltr'>plorare,</span> <span class='ocrx_word' id='word_1_307' title='bbox 192 3031 262 3067; x_wconf 89' lang='lat' dir='ltr'>nunc</span> <span class='ocrx_word' id='word_1_308' title='bbox 276 3029 396 3078; x_wconf 86' lang='lat' dir='ltr'>arguere,</span> <span class='ocrx_word' id='word_1_309' title='bbox 418 3028 486 3064; x_wconf 91' lang='lat' dir='ltr'>nunc</span> <span class='ocrx_word' id='word_1_310' title='bbox 507 3028 619 3077; x_wconf 85' lang='lat' dir='ltr'>gemere,</span> <span class='ocrx_word' id='word_1_311' title='bbox 645 3021 674 3064; x_wconf 89' lang='grc'>31</span> <span class='ocrx_word' id='word_1_312' title='bbox 693 3014 832 3065; x_wconf 88' lang='grc'><strong>1111333333</strong></span> <span class='ocrx_word' id='word_1_313' title='bbox 852 3019 1014 3078; x_wconf 81' lang='lat' dir='ltr'>promoveat,</span> <span class='ocrx_word' id='word_1_314' title='bbox 1033 3027 1136 3075; x_wconf 82' lang='lat' dir='ltr'>eosque¹</span> 
     </span>
     <span class='ocr_line' id='line_1_40' title="bbox 63 3085 466 3150; baseline -0.015 -11"><span class='ocrx_word' id='word_1_315' title='bbox 63 3089 162 3139; x_wconf 88' lang='lat' dir='ltr'>Christo</span> <span class='ocrx_word' id='word_1_316' title='bbox 176 3086 288 3136; x_wconf 90' lang='lat' dir='ltr'>lucretur</span> <span class='ocrx_word' id='word_1_317' title='bbox 301 3085 466 3150; x_wconf 88' lang='lat' dir='ltr'>acperssciat.</span> 
     </span>
    </p>

    <p class='ocr_par' dir='ltr' id='par_1_21' title="bbox 63 3152 1122 3290">
     <span class='ocr_line' id='line_1_41' title="bbox 92 3152 1122 3218; baseline -0.005 -11"><span class='ocrx_word' id='word_1_318' title='bbox 92 3159 130 3207; x_wconf 79' lang='lat' dir='ltr'>ab</span> <span class='ocrx_word' id='word_1_319' title='bbox 149 3156 239 3207; x_wconf 88' lang='lat' dir='ltr'>eodem</span> <span class='ocrx_word' id='word_1_320' title='bbox 252 3155 364 3218; x_wconf 80' lang='lat' dir='ltr'>exemplo</span> <span class='ocrx_word' id='word_1_321' title='bbox 384 3155 464 3204; x_wconf 90' lang='lat' dir='ltr'>discat</span> <span class='ocrx_word' id='word_1_322' title='bbox 483 3155 645 3204; x_wconf 87' lang='lat' dir='ltr'>concionator</span> <span class='ocrx_word' id='word_1_323' title='bbox 670 3158 695 3202; x_wconf 90' lang='grc'>31</span> <span class='ocrx_word' id='word_1_324' title='bbox 714 3155 797 3203; x_wconf 89' lang='lat' dir='ltr'>omnis</span> <span class='ocrx_word' id='word_1_325' title='bbox 813 3155 957 3203; x_wconf 90' lang='lat' dir='ltr'>animarum</span> <span class='ocrx_word' id='word_1_326' title='bbox 974 3152 1063 3203; x_wconf 85' lang='lat' dir='ltr'>salutis</span> <span class='ocrx_word' id='word_1_327' title='bbox 1078 3166 1122 3202; x_wconf 92' lang='lat' dir='ltr'>co-</span> 
     </span>
     <span class='ocr_line' id='line_1_42' title="bbox 63 3223 1004 3290; baseline -0.005 -13"><span class='ocrx_word' id='word_1_328' title='bbox 63 3233 195 3290; x_wconf 84' lang='lat' dir='ltr'>operator,</span> <span class='ocrx_word' id='word_1_329' title='bbox 209 3226 332 3287; x_wconf 84' lang='lat' dir='ltr'>quantdm</span> <span class='ocrx_word' id='word_1_330' title='bbox 343 3227 375 3274; x_wconf 91' lang='lat' dir='ltr'>sit</span> <span class='ocrx_word' id='word_1_331' title='bbox 386 3237 431 3285; x_wconf 91' lang='lat' dir='ltr'>pro</span> <span class='ocrx_word' id='word_1_332' title='bbox 445 3235 533 3272; x_wconf 90' lang='lat' dir='ltr'>earum</span> <span class='ocrx_word' id='word_1_333' title='bbox 544 3223 624 3273; x_wconf 88' lang='lat' dir='ltr'>salute</span> <span class='ocrx_word' id='word_1_334' title='bbox 635 3223 783 3284; x_wconf 89' lang='lat' dir='ltr'>patiendum</span> <span class='ocrx_word' id='word_1_335' title='bbox 794 3229 819 3272; x_wconf 92' lang='grc'>31</span> <span class='ocrx_word' id='word_1_336' title='bbox 829 3223 1004 3272; x_wconf 87' lang='lat' dir='ltr'>laborandum.</span> 
     </span>
    </p>

    <p class='ocr_par' dir='ltr' id='par_1_22' title="bbox 63 3292 1121 3555">
     <span class='ocr_line' id='line_1_43' title="bbox 92 3292 1121 3356; baseline -0.004 -10"><span class='ocrx_word' id='word_1_337' title='bbox 92 3298 168 3346; x_wconf 86' lang='lat' dir='ltr'>Dcata</span> <span class='ocrx_word' id='word_1_338' title='bbox 185 3295 259 3356; x_wconf 78' lang='lat' dir='ltr'>Virgo</span> <span class='ocrx_word' id='word_1_339' title='bbox 272 3294 400 3343; x_wconf 85' lang='lat' dir='ltr'>Christum</span> <span class='ocrx_word' id='word_1_340' title='bbox 413 3292 574 3354; x_wconf 89' lang='lat' dir='ltr'>corporaliter</span> <span class='ocrx_word' id='word_1_341' title='bbox 588 3294 695 3353; x_wconf 89' lang='lat' dir='ltr'>genuit,</span> <span class='ocrx_word' id='word_1_342' title='bbox 712 3297 739 3340; x_wconf 91' lang='grc'>31</span> <span class='ocrx_word' id='word_1_343' title='bbox 753 3294 808 3341; x_wconf 87' lang='grc'><strong>3133</strong></span> <span class='ocrx_word' id='word_1_344' title='bbox 827 3292 927 3350; x_wconf 88' lang='lat' dir='ltr'>dolore;</span> <span class='ocrx_word' id='word_1_345' title='bbox 946 3295 1121 3354; x_wconf 77' lang='lat' dir='ltr'>concionator,</span> 
     </span>
     <span class='ocr_line' id='line_1_44' title="bbox 64 3358 1121 3426; baseline -0.004 -12"><span class='ocrx_word' id='word_1_346' title='bbox 64 3367 196 3426; x_wconf 85' lang='lat' dir='ltr'>omnisque</span> <span class='ocrx_word' id='word_1_347' title='bbox 207 3362 344 3426; x_wconf 87' lang='lat' dir='ltr'>spiritualis</span> <span class='ocrx_word' id='word_1_348' title='bbox 355 3361 446 3411; x_wconf 88' lang='lat' dir='ltr'>Christi</span> <span class='ocrx_word' id='word_1_349' title='bbox 462 3371 600 3421; x_wconf 88' lang='lat' dir='ltr'>puerpera,</span> <span class='ocrx_word' id='word_1_350' title='bbox 619 3371 790 3419; x_wconf 86' lang='lat' dir='ltr'>cummagno</span> <span class='ocrx_word' id='word_1_351' title='bbox 806 3358 890 3408; x_wconf 91' lang='lat' dir='ltr'>dolore</span> <span class='ocrx_word' id='word_1_352' title='bbox 906 3365 932 3409; x_wconf 90' lang='grc'>31</span> <span class='ocrx_word' id='word_1_353' title='bbox 949 3360 1032 3411; x_wconf 90' lang='lat' dir='ltr'>labore</span> <span class='ocrx_word' id='word_1_354' title='bbox 1050 3363 1121 3412; x_wconf 87' lang='lat' dir='ltr'>debet</span> 
     </span>
     <span class='ocr_line' id='line_1_45' title="bbox 63 3427 1121 3496; baseline -0.002 -14"><span class='ocrx_word' id='word_1_355' title='bbox 63 3439 189 3496; x_wconf 89' lang='lat' dir='ltr'>parturire</span> <span class='ocrx_word' id='word_1_356' title='bbox 204 3438 229 3483; x_wconf 90' lang='lat' dir='ltr'>et</span> <span class='ocrx_word' id='word_1_357' title='bbox 241 3436 288 3482; x_wconf 89' lang='lat' dir='ltr'>niti</span> <span class='ocrx_word' id='word_1_358' title='bbox 302 3436 329 3480; x_wconf 93' lang='lat' dir='ltr'>ut</span> <span class='ocrx_word' id='word_1_359' title='bbox 340 3431 485 3490; x_wconf 88' lang='lat' dir='ltr'>Christum,</span> <span class='ocrx_word' id='word_1_360' title='bbox 503 3428 530 3477; x_wconf 90' lang='lat' dir='ltr'>id</span> <span class='ocrx_word' id='word_1_361' title='bbox 548 3432 602 3487; x_wconf 84' lang='lat' dir='ltr'>est,</span> <span class='ocrx_word' id='word_1_362' title='bbox 622 3427 714 3477; x_wconf 87' lang='lat' dir='ltr'>Christi</span> <span class='ocrx_word' id='word_1_363' title='bbox 726 3427 801 3478; x_wconf 87' lang='lat' dir='ltr'>iidem</span> <span class='ocrx_word' id='word_1_364' title='bbox 815 3433 841 3476; x_wconf 90' lang='grc'>31</span> <span class='ocrx_word' id='word_1_365' title='bbox 855 3430 973 3490; x_wconf 86' lang='lat' dir='ltr'>spiritum</span> <span class='ocrx_word' id='word_1_366' title='bbox 991 3431 1081 3480; x_wconf 77' lang='lat' dir='ltr'>formet</span> <span class='ocrx_word' id='word_1_367' title='bbox 1094 3433 1121 3480; x_wconf 91' lang='lat' dir='ltr'>in</span> 
     </span>
     <span class='ocr_line' id='line_1_46' title="bbox 65 3501 465 3555; baseline -0.013 -3"><span class='ocrx_word' id='word_1_368' title='bbox 65 3504 217 3555; x_wconf 83' lang='lat' dir='ltr'>Christianis</span> <span class='ocrx_word' id='word_1_369' title='bbox 230 3501 386 3551; x_wconf 82' lang='lat' dir='ltr'>auditoribus</span> <span class='ocrx_word' id='word_1_370' title='bbox 404 3501 465 3548; x_wconf 88' lang='grc'><strong>3313.</strong></span> 
     </span>
    </p>

    <p class='ocr_par' dir='ltr' id='par_1_23' title="bbox 94 3564 1120 3635">
     <span class='ocr_line' id='line_1_47' title="bbox 94 3564 1120 3635; baseline -0.006 -12"><span class='ocrx_word' id='word_1_371' title='bbox 94 3574 131 3622; x_wconf 83' lang='lat' dir='ltr'>ild</span> <span class='ocrx_word' id='word_1_372' title='bbox 142 3571 287 3634; x_wconf 85' lang='lat' dir='ltr'>exemplum</span> <span class='ocrx_word' id='word_1_373' title='bbox 302 3567 428 3632; x_wconf 78' lang='lat' dir='ltr'>Apostoli,</span> <span class='ocrx_word' id='word_1_374' title='bbox 441 3577 568 3616; x_wconf 89' lang='lat' dir='ltr'>sermones</span> <span class='ocrx_word' id='word_1_375' title='bbox 582 3576 640 3614; x_wconf 89' lang='lat' dir='ltr'>suos</span> <span class='ocrx_word' id='word_1_376' title='bbox 655 3564 812 3614; x_wconf 86' lang='lat' dir='ltr'>audientium</span> <span class='ocrx_word' id='word_1_377' title='bbox 830 3566 1017 3635; x_wconf 75' lang='lat' dir='ltr'>copditlonibns</span> <span class='ocrx_word' id='word_1_378' title='bbox 1028 3573 1053 3617; x_wconf 92' lang='grc'>31</span> <span class='ocrx_word' id='word_1_379' title='bbox 1069 3569 1120 3617; x_wconf 90' lang='lat' dir='ltr'>dis-</span> 
     </span>
    </p>
   </div>
   <div class='ocr_carea' id='block_1_9' title="bbox 64 3638 1120 3768">
    <p class='ocr_par' dir='ltr' id='par_1_24' title="bbox 64 3638 1120 3768">
     <span class='ocr_line' id='line_1_48' title="bbox 64 3638 419 3705; baseline -0.014 -12"><span class='ocrx_word' id='word_1_380' title='bbox 64 3643 230 3705; x_wconf 84' lang='lat' dir='ltr'>positionibus</span> <span class='ocrx_word' id='word_1_381' title='bbox 239 3638 419 3689; x_wconf 81' lang='lat' dir='ltr'>accommodet.</span> 
     </span>
     <span class='ocr_line' id='line_1_49' title="bbox 94 3701 1120 3768; baseline -0.011 -7"><span class='ocrx_word' id='word_1_382' title='bbox 94 3712 131 3760; x_wconf 85' lang='lat' dir='ltr'>Er</span> <span class='ocrx_word' id='word_1_383' title='bbox 141 3712 264 3761; x_wconf 84' lang='lat' dir='ltr'>charitate</span> <span class='ocrx_word' id='word_1_384' title='bbox 274 3707 389 3768; x_wconf 88' lang='lat' dir='ltr'>loquatur</span> <span class='ocrx_word' id='word_1_385' title='bbox 402 3714 500 3766; x_wconf 85' lang='lat' dir='ltr'>semper</span> <span class='ocrx_word' id='word_1_386' title='bbox 512 3738 519 3761; x_wconf 96' lang='lat'>,</span> <span class='ocrx_word' id='word_1_387' title='bbox 531 3702 560 3748; x_wconf 90' lang='lat' dir='ltr'>ut</span> <span class='ocrx_word' id='word_1_388' title='bbox 575 3703 695 3761; x_wconf 79' lang='grc'><strong>13333313</strong></span> <span class='ocrx_word' id='word_1_389' title='bbox 706 3706 786 3750; x_wconf 88' lang='lat' dir='ltr'>maior</span> <span class='ocrx_word' id='word_1_390' title='bbox 798 3701 926 3752; x_wconf 84' lang='lat' dir='ltr'>Christum</span> <span class='ocrx_word' id='word_1_391' title='bbox 938 3706 964 3753; x_wconf 91' lang='lat' dir='ltr'>in</span> <span class='ocrx_word' id='word_1_392' title='bbox 977 3704 1120 3752; x_wconf 91' lang='lat' dir='ltr'>auditorum</span> 
     </span>
    </p>
   </div>
   <div class='ocr_carea' id='block_1_10' title="bbox 67 3775 1119 3909">
    <p class='ocr_par' dir='ltr' id='par_1_25' title="bbox 67 3775 1119 3909">
     <span class='ocr_line' id='line_1_50' title="bbox 67 3775 1072 3836; baseline -0.015 -12"><span class='ocrx_word' id='word_1_393' title='bbox 67 3777 197 3825; x_wconf 86' lang='lat' dir='ltr'>animabus</span> <span class='ocrx_word' id='word_1_394' title='bbox 210 3775 300 3836; x_wconf 90' lang='lat' dir='ltr'>pariat.</span> <span class='ocrx_word' id='word_1_395' title='bbox 1064 3811 1072 3823; x_wconf 67' lang='lat'>‚</span> 
     </span>
     <span class='ocr_line' id='line_1_51' title="bbox 98 3841 1119 3909; baseline -0.007 -11"><span class='ocrx_word' id='word_1_396' title='bbox 98 3854 135 3899; x_wconf 80' lang='grc'>11.</span> <span class='ocrx_word' id='word_1_397' title='bbox 148 3851 228 3898; x_wconf 78' lang='lat' dir='ltr'>Dicite</span> <span class='ocrx_word' id='word_1_398' title='bbox 242 3847 338 3897; x_wconf 84' lang='grc'><strong>31111...</strong></span> <span class='ocrx_word' id='word_1_399' title='bbox 349 3845 425 3909; x_wconf 76' lang='lat' dir='ltr'>legent</span> <span class='ocrx_word' id='word_1_400' title='bbox 435 3841 661 3906; x_wconf 66' lang='lat' dir='ltr'>coalescentes.</span> <span class='ocrx_word' id='word_1_401' title='bbox 674 3855 725 3893; x_wconf 89' lang='lat' dir='ltr'>non</span> <span class='ocrx_word' id='word_1_402' title='bbox 737 3843 850 3893; x_wconf 83' lang='lat' dir='ltr'>audistis.</span> <span class='ocrx_word' id='word_1_403' title='bbox 863 3843 939 3908; x_wconf 80' lang='lat' dir='ltr'>Syrus</span> <span class='ocrx_word' id='word_1_404' title='bbox 950 3842 1028 3902; x_wconf 82' lang='lat' dir='ltr'>legem</span> <span class='ocrx_word' id='word_1_405' title='bbox 1041 3843 1119 3903; x_wconf 83' lang='lat' dir='ltr'>ipsam</span> 
     </span>
    </p>
   </div>
   <div class='ocr_carea' id='block_1_11' title="bbox 68 3919 231 3969">
    <p class='ocr_par' dir='ltr' id='par_1_26' title="bbox 68 3919 231 3969">
     <span class='ocr_line' id='line_1_52' title="bbox 68 3919 231 3969; baseline -0.018 -1"><span class='ocrx_word' id='word_1_406' title='bbox 68 3931 116 3969; x_wconf 92' lang='lat' dir='ltr'>non</span> <span class='ocrx_word' id='word_1_407' title='bbox 127 3919 231 3968; x_wconf 86' lang='lat' dir='ltr'>auditis.</span> 
     </span>
    </p>
   </div>
   <div class='ocr_carea' id='block_1_12' title="bbox 0 0 1260 4424">
    <p class='ocr_par' dir='ltr' id='par_1_27' title="bbox 0 0 1260 4424">
     <span class='ocr_line' id='line_1_53' title="bbox 0 0 1260 4424; baseline 0 0"><span class='ocrx_word' id='word_1_408' title='bbox 0 0 1260 4424; x_wconf 95' lang='lat' dir='ltr'> </span> 
     </span>
    </p>
   </div>
  </div>
 </body>
</html>
