2512 4424
301 247 474 308 natatur
491 252 710 311 expositio.
730 255 810 312 cia.
829 253 879 310 tx.

58 463 1120 498 mmmmm

1148 566 1168 625 d

254 609 512 746 turtinis
539 658 750 744 oannis
778 658 926 742 noni.
998 605 1000 609 ’

537 887 643 902 ιιι-ιιι·-

60 1011 94 1106 Ᾱ
110 1055 140 1125 ,⁹-
157 1055 205 1108 iti.
222 1054 321 1122 capitia
336 1055 545 1124 octavumque
556 1055 593 1110 ad
609 1055 709 1120 duem,
722 1070 791 1111 tuos
809 1055 986 1137 commendat
996 1058 1120 1126 legatos,

61 1152 134 1193 nune
148 1138 224 1192 redit
242 1137 279 1192 ad
298 1139 441 1205 negotium
461 1138 591 1195 ouisunt
614 1138 743 1194 destinati
758 1140 814 1194 :de
832 1155 889 1208 quo
909 1146 1002 1194 tamen
1022 1155 1123 1208 unper-

62 1221 147 1275 iiuum
167 1226 227 1287 eat,
242 1221 299 1287 ait,
314 1221 395 1275 vobis
413 1221 554 1288 scribere,
569 1227 601 1275 ut
612 1223 649 1276 ad
659 1223 728 1276 illud
739 1223 856 1277 excitem
873 1224 982 1276 animos
993 1231 1117 1289 vestron3

64 1305 125 1372 quia
141 1305 202 1358 acio
214 1304 250 1358 ad
262 1303 329 1358 iilud
348 1310 506 1372 promptam
521 1310 548 1358 et
567 1311 692 1372 paratam
702 1307 875 1359 voluntatem
885 1312 1014 1359 vestram.

92 1388 201 1442 Revera
216 1401 275 1442 rem
298 1387 388 1455 ipsam
403 1387 449 1440 hio
463 1386 557 1441 minda
568 1388 673 1456 tangit,
686 1387 771 1455 qudm
791 1393 848 1442 tres
863 1387 924 1456 ejus
937 1390 1121 1442 circumstan-

64 1474 113 1526 tias
125 1489 133 1526 ε
144 1471 269 1537 seilicet,
282 1471 312 1524 in
324 1469 417 1524 dando
429 1471 692 1537 promptitudinem,
708 1470 920 1537 abundantiam,
933 1472 1118 1526 hilaritatemt

64 1562 88 1609 et
100 1556 157 1610 hoo
168 1555 245 1608 tanti
254 1553 417 1608 dexteritate
426 1552 509 1608 simul
525 1558 554 1609 et
565 1552 711 1608 honestate
725 1555 829 1623 tangit¹
843 1561 876 1609 nt
890 1556 970 1624 quasi
981 1559 1121 1624 supponat

63 1638 154 1706 potina
175 1637 260 1706 quim
278 1637 455 1704 persuadeat.
647 1683 658 1706 ,

94 1722 122 1791 5.
135 1725 164 1786 2,
181 1725 207 1787 tt,
221 1725 249 1774 t.
267 1721 334 1773 itird
345 1718 488 1774 charitatis
502 1724 562 1775 arte
576 1718 825 1787 promptitudinem
836 1709 970 1777 insinnatss

95 1805 124 1875 7.
135 1808 164 1871 ὅ,
176 1808 203 1858 6.
218 1803 422 1858 abundantiam
432 1802 542 1870 egregia
559 1803 723 1855 seminantis
738 1805 955 1871 comparatione.

96 1888 125 1958 7.
139 1891 168 1942 t.
181 1887 363 1951 ililaritatem,
377 1885 528 1953 scripturae
542 1883 713 1938 testimonio.

97 1971 126 2041 γ.
138 1974 166 2044 tt.
179 1968 304 2026 Occurrit
314 1967 483 2033 difficultati,
493 1966 549 2034 qua
556 1967 586 2019 in
595 1965 639 2018 his
650 1966 835 2034 exsequendis
844 1975 958 2036 possent
969 1968 1120 2027 retardarit

66 2053 120 2106 ruit
131 2067 181 2107 eos
197 2053 226 2105 in
237 2056 326 2107 Deum
342 2051 562 2117 omnipotentem
577 2047 719 2102 confidere
733 2053 893 2118 etaperare.
904 2052 985 2106 Dabit
996 2053 1121 2110 nisaeus
1170 2093 1173 2102 =

68 2140 95 2187 et
105 2135 268 2188 sufficientia
282 2134 354 2200 sibi,
368 2138 398 2187 et
414 2131 490 2186 unde
502 2130 625 2184 tribuant
636 2130 706 2185 aliis.

100 2217 127 2285 i.
141 2221 187 2271 10.
200 2220 259 2270 iioe
271 2217 390 2271 illustrat
400 2212 610 2281 comparatione
620 2212 671 2266 liei
682 2226 747 2268 oum
758 2213 827 2270 hero
837 2217 992 2286 temporali,
1005 2222 1034 2273 et
1044 2231 1121 2274 oom-
1155 2219 1158 2223 '

69 2299 207 2364 paratione
219 2296 430 2367 eleemosynarii
443 2308 508 2349 cum
520 2294 632 2349 colono.

104 2382 130 2449 t.
146 2384 191 2436 12.
205 2383 299 2449 Usque
310 2380 347 2435 ad
357 2379 442 2434 finem
455 2417 463 2444 ‚
478 2375 568 2430 variat
578 2375 662 2443 huius
673 2377 857 2450 eteemoeynae
872 2381 957 2442 refert
967 2382 1120 2452 utilitates,

77 2464 170 2530 quibus
181 2465 309 2521 utimum
322 2462 469 2535 hueusque
480 2459 517 2519 de
531 2473 565 2516 ea
574 2459 656 2516 dictis
669 2461 717 2518 dat
727 2464 848 2532 pondua.
