<?xml version="1.0" encoding="UTF-8"?>
<!DOCTYPE html PUBLIC "-//W3C//DTD XHTML 1.0 Transitional//EN"
    "http://www.w3.org/TR/xhtml1/DTD/xhtml1-transitional.dtd">
<html xmlns="http://www.w3.org/1999/xhtml" xml:lang="en" lang="en">
 <head>
  <title>
</title>
<meta http-equiv="Content-Type" content="text/html;charset=utf-8" />
  <meta name='ocr-system' content='tesseract 3.04.00' />
  <meta name='ocr-capabilities' content='ocr_page ocr_carea ocr_par ocr_line ocrx_word'/>
</head>
<body>
  <div class='ocr_page' id='page_1' title='image "./epistolarumbpau01berngoog_0159.png"; bbox 0 0 2512 4424; ppageno 0'>
   <div class='ocr_carea' id='block_1_1' title="bbox 141 244 1038 343">
    <p class='ocr_par' dir='ltr' id='par_1_1' title="bbox 141 244 1038 343">
     <span class='ocr_line' id='line_1_1' title="bbox 141 244 1038 343; baseline -0.021 0"><span class='ocrx_word' id='word_1_1' title='bbox 141 289 197 343; x_wconf 83' lang='lat' dir='ltr'><strong>sse</strong></span> <span class='ocrx_word' id='word_1_2' title='bbox 307 282 490 338; x_wconf 76' lang='lat' dir='ltr'><strong>saeuitum</strong></span> <span class='ocrx_word' id='word_1_3' title='bbox 508 279 713 334; x_wconf 77' lang='lat' dir='ltr'><strong>urrsroru</strong></span> <span class='ocrx_word' id='word_1_4' title='bbox 732 244 782 330; x_wconf 79' lang='lat' dir='ltr'><strong>an</strong></span> <span class='ocrx_word' id='word_1_5' title='bbox 799 271 1038 331; x_wconf 80' lang='lat' dir='ltr'><strong>conrururos</strong></span> 
     </span>
    </p>
   </div>
   <div class='ocr_carea' id='block_1_2' title="bbox 142 352 1205 517">
    <p class='ocr_par' dir='ltr' id='par_1_2' title="bbox 142 352 1205 517">
     <span class='ocr_line' id='line_1_2' title="bbox 142 352 1204 438; baseline -0.015 -7"><span class='ocrx_word' id='word_1_6' title='bbox 142 393 185 432; x_wconf 76' lang='lat' dir='ltr'><strong>vos</strong></span> <span class='ocrx_word' id='word_1_7' title='bbox 195 389 301 438; x_wconf 85' lang='lat' dir='ltr'><strong>venero,</strong></span> <span class='ocrx_word' id='word_1_8' title='bbox 314 377 380 426; x_wconf 83' lang='lat' dir='ltr'><strong>Deus</strong></span> <span class='ocrx_word' id='word_1_9' title='bbox 393 389 435 426; x_wconf 89' lang='lat' dir='ltr'><strong>me</strong></span> <span class='ocrx_word' id='word_1_10' title='bbox 452 377 582 426; x_wconf 79' lang='lat' dir='ltr'><strong>contristet</strong></span> <span class='ocrx_word' id='word_1_11' title='bbox 598 373 666 437; x_wconf 90' lang='lat' dir='ltr'><strong>apud</strong></span> <span class='ocrx_word' id='word_1_12' title='bbox 677 385 737 432; x_wconf 83' lang='lat' dir='ltr'><strong>ros,</strong></span> <span class='ocrx_word' id='word_1_13' title='bbox 761 372 886 425; x_wconf 84' lang='lat' dir='ltr'><strong>humiliet</strong></span> <span class='ocrx_word' id='word_1_14' title='bbox 902 352 1035 423; x_wconf 79' lang='lat' dir='ltr'><strong>metiens</strong></span> <span class='ocrx_word' id='word_1_15' title='bbox 1047 359 1125 431; x_wconf 82' lang='lat' dir='ltr'><strong>apud</strong></span> <span class='ocrx_word' id='word_1_16' title='bbox 1137 371 1204 424; x_wconf 65' lang='lat' dir='ltr'><strong>vost</strong></span> 
     </span>
     <span class='ocr_line' id='line_1_3' title="bbox 142 438 1205 517; baseline -0.015 -19"><span class='ocrx_word' id='word_1_17' title='bbox 142 452 167 498; x_wconf 86' lang='lat' dir='ltr'><strong>et</strong></span> <span class='ocrx_word' id='word_1_18' title='bbox 181 461 255 509; x_wconf 81' lang='lat' dir='ltr'><strong>eogar</strong></span> <span class='ocrx_word' id='word_1_19' title='bbox 271 460 331 497; x_wconf 89' lang='lat' dir='ltr'><strong>eum</strong></span> <span class='ocrx_word' id='word_1_20' title='bbox 344 446 415 495; x_wconf 90' lang='lat' dir='ltr'><strong>luetu</strong></span> <span class='ocrx_word' id='word_1_21' title='bbox 434 447 555 506; x_wconf 83' lang='lat' dir='ltr'><strong>castigare</strong></span> <span class='ocrx_word' id='word_1_22' title='bbox 572 442 682 501; x_wconf 89' lang='lat' dir='ltr'><strong>multos,</strong></span> <span class='ocrx_word' id='word_1_23' title='bbox 695 442 737 502; x_wconf 94' lang='lat' dir='ltr'><strong>qul</strong></span> <span class='ocrx_word' id='word_1_24' title='bbox 762 456 789 503; x_wconf 66' lang='lat' dir='ltr'><strong>ep</strong></span> <span class='ocrx_word' id='word_1_25' title='bbox 801 450 910 517; x_wconf 66' lang='lat' dir='ltr'><strong>lugeam</strong></span> <span class='ocrx_word' id='word_1_26' title='bbox 927 448 1031 500; x_wconf 68' lang='lat' dir='ltr'><strong>munos</strong></span> <span class='ocrx_word' id='word_1_27' title='bbox 1048 457 1084 496; x_wconf 58' lang='grc' dir='ltr'><strong>εχ</strong></span> <span class='ocrx_word' id='word_1_28' title='bbox 1100 438 1205 506; x_wconf 48' lang='lat' dir='ltr'><strong>niqui</strong></span> 
     </span>
    </p>
   </div>
   <div class='ocr_carea' id='block_1_3' title="bbox 142 508 1207 594">
    <p class='ocr_par' dir='ltr' id='par_1_3' title="bbox 142 508 1207 594">
     <span class='ocr_line' id='line_1_4' title="bbox 142 508 1207 594; baseline -0.007 -29"><span class='ocrx_word' id='word_1_29' title='bbox 142 516 290 578; x_wconf 80' lang='lat' dir='ltr'><strong>iampridem</strong></span> <span class='ocrx_word' id='word_1_30' title='bbox 300 516 479 577; x_wconf 82' lang='lat' dir='ltr'><strong>peecaverunt,</strong></span> <span class='ocrx_word' id='word_1_31' title='bbox 488 508 739 574; x_wconf 78' lang='lat' dir='ltr'><strong>impudiedvtrenm,</strong></span> <span class='ocrx_word' id='word_1_32' title='bbox 759 510 1031 594; x_wconf 52' lang='lat' dir='ltr'><strong>*anoepemvemm’</strong></span> <span class='ocrx_word' id='word_1_33' title='bbox 1040 526 1136 575; x_wconf 61' lang='lat' dir='ltr'><strong>emon</strong></span> <span class='ocrx_word' id='word_1_34' title='bbox 1146 529 1207 584; x_wconf 65' lang='lat'><strong>030.</strong></span> 
     </span>
    </p>
   </div>
   <div class='ocr_carea' id='block_1_4' title="bbox 143 578 1207 670">
    <p class='ocr_par' dir='ltr' id='par_1_4' title="bbox 143 578 1207 670">
     <span class='ocr_line' id='line_1_5' title="bbox 143 578 1207 670; baseline 0.008 -26"><span class='ocrx_word' id='word_1_35' title='bbox 143 588 168 634; x_wconf 65' lang='lat'><strong>01</strong></span> <span class='ocrx_word' id='word_1_36' title='bbox 187 583 300 633; x_wconf 86' lang='lat' dir='ltr'><strong>noudum</strong></span> <span class='ocrx_word' id='word_1_37' title='bbox 322 584 496 646; x_wconf 65' lang='lat' dir='ltr'><strong>loenstfflssaffl</strong></span> <span class='ocrx_word' id='word_1_38' title='bbox 514 582 619 643; x_wconf 58' lang='lat' dir='ltr'>egerunt</span> <span class='ocrx_word' id='word_1_39' title='bbox 639 578 670 628; x_wconf 76' lang='lat'><strong>‘¹⁰</strong></span> <span class='ocrx_word' id='word_1_40' title='bbox 687 581 740 628; x_wconf 73' lang='lat'><strong>⁸⁰¹⁸</strong></span> <span class='ocrx_word' id='word_1_41' title='bbox 762 611 827 658; x_wconf 89' lang='lat' dir='ltr'><strong>runt</strong></span> <span class='ocrx_word' id='word_1_42' title='bbox 844 600 1035 670; x_wconf 85' lang='lat' dir='ltr'><strong>poenitentiam</strong></span> <span class='ocrx_word' id='word_1_43' title='bbox 1047 610 1133 664; x_wconf 84' lang='lat' dir='ltr'><strong>super</strong></span> <span class='ocrx_word' id='word_1_44' title='bbox 1151 595 1207 649; x_wconf 88' lang='lat' dir='ltr'><strong>im·</strong></span> 
     </span>
    </p>
   </div>
   <div class='ocr_carea' id='block_1_5' title="bbox 143 651 1208 824">
    <p class='ocr_par' dir='ltr' id='par_1_5' title="bbox 143 651 1208 824">
     <span class='ocr_line' id='line_1_6' title="bbox 143 651 1208 740; baseline -0.019 4"><span class='ocrx_word' id='word_1_45' title='bbox 143 651 315 716; x_wconf 43' lang='lat' dir='ltr'><strong>mummi&amp;</strong></span> <span class='ocrx_word' id='word_1_46' title='bbox 762 681 911 740; x_wconf 79' lang='lat' dir='ltr'>munditia,</span> <span class='ocrx_word' id='word_1_47' title='bbox 928 684 956 731; x_wconf 91' lang='lat' dir='ltr'><strong>et</strong></span> <span class='ocrx_word' id='word_1_48' title='bbox 973 675 1161 730; x_wconf 74' lang='lat' dir='ltr'><strong>fornicatione</strong></span> <span class='ocrx_word' id='word_1_49' title='bbox 1180 676 1208 725; x_wconf 88' lang='lat' dir='ltr'><strong>et</strong></span> 
     </span>
     <span class='ocr_line' id='line_1_7' title="bbox 763 753 1206 824; baseline -0.02 -14"><span class='ocrx_word' id='word_1_50' title='bbox 763 757 943 824; x_wconf 87' lang='lat' dir='ltr'><strong>impudicitia,</strong></span> <span class='ocrx_word' id='word_1_51' title='bbox 953 767 1039 821; x_wconf 90' lang='lat' dir='ltr'><strong>quam</strong></span> <span class='ocrx_word' id='word_1_52' title='bbox 1048 753 1206 820; x_wconf 77' lang='lat' dir='ltr'><strong>gesserunt.</strong></span> 
     </span>
    </p>
   </div>
   <div class='ocr_carea' id='block_1_6' title="bbox 145 911 1246 1695">
    <p class='ocr_par' dir='ltr' id='par_1_6' title="bbox 145 911 1211 1278">
     <span class='ocr_line' id='line_1_8' title="bbox 174 911 1208 993; baseline -0.012 -9"><span class='ocrx_word' id='word_1_53' title='bbox 174 911 344 984; x_wconf 41' lang='lat' dir='ltr'><strong>Humiliet&#39;me</strong></span> <span class='ocrx_word' id='word_1_54' title='bbox 354 935 437 990; x_wconf 84' lang='lat' dir='ltr'><strong>Deus,</strong></span> <span class='ocrx_word' id='word_1_55' title='bbox 448 933 475 981; x_wconf 83' lang='lat' dir='ltr'><strong>irl</strong></span> <span class='ocrx_word' id='word_1_56' title='bbox 486 934 540 991; x_wconf 88' lang='lat' dir='ltr'><strong>est,</strong></span> <span class='ocrx_word' id='word_1_57' title='bbox 552 930 663 990; x_wconf 73' lang='lat' dir='ltr'><strong>dejiciat,</strong></span> <span class='ocrx_word' id='word_1_58' title='bbox 672 931 784 978; x_wconf 87' lang='lat' dir='ltr'><strong>animam</strong></span> <span class='ocrx_word' id='word_1_59' title='bbox 795 940 879 977; x_wconf 88' lang='lat' dir='ltr'><strong>meam</strong></span> <span class='ocrx_word' id='word_1_60' title='bbox 894 939 945 989; x_wconf 84' lang='lat' dir='ltr'><strong>prae</strong></span> <span class='ocrx_word' id='word_1_61' title='bbox 956 927 1061 975; x_wconf 88' lang='lat' dir='ltr'><strong>tristltla</strong></span> <span class='ocrx_word' id='word_1_62' title='bbox 1073 924 1208 993; x_wconf 77' lang='lat' dir='ltr'><strong>deprimat.</strong></span> 
     </span>
     <span class='ocr_line' id='line_1_9' title="bbox 151 990 1210 1065; baseline -0.01 -13"><span class='ocrx_word' id='word_1_63' title='bbox 151 1003 246 1065; x_wconf 73' lang='lat' dir='ltr'><strong>‚sieut</strong></span> <span class='ocrx_word' id='word_1_64' title='bbox 264 1003 341 1063; x_wconf 80' lang='lat' dir='ltr'><strong>gloria</strong></span> <span class='ocrx_word' id='word_1_65' title='bbox 358 1003 438 1064; x_wconf 86' lang='lat' dir='ltr'><strong>patris</strong></span> <span class='ocrx_word' id='word_1_66' title='bbox 458 999 526 1049; x_wconf 86' lang='lat' dir='ltr'><strong>illius</strong></span> <span class='ocrx_word' id='word_1_67' title='bbox 541 1001 641 1060; x_wconf 85' lang='lat' dir='ltr'><strong>sapiens</strong></span> <span class='ocrx_word' id='word_1_68' title='bbox 658 1015 665 1046; x_wconf 72' lang='grc' dir='ltr'><strong>ι</strong></span> <span class='ocrx_word' id='word_1_69' title='bbox 683 998 719 1045; x_wconf 90' lang='lat' dir='ltr'><strong>lta</strong></span> <span class='ocrx_word' id='word_1_70' title='bbox 732 998 810 1059; x_wconf 88' lang='lat' dir='ltr'><strong>patris</strong></span> <span class='ocrx_word' id='word_1_71' title='bbox 824 994 968 1045; x_wconf 72' lang='lat' dir='ltr'><strong>humiliatio</strong></span> <span class='ocrx_word' id='word_1_72' title='bbox 985 998 1011 1044; x_wconf 89' lang='lat' dir='ltr'><strong>et</strong></span> <span class='ocrx_word' id='word_1_73' title='bbox 1032 1004 1127 1043; x_wconf 89' lang='lat' dir='ltr'><strong>moeror</strong></span> <span class='ocrx_word' id='word_1_74' title='bbox 1142 990 1210 1042; x_wconf 82' lang='lat' dir='ltr'><strong>illius</strong></span> 
     </span>
     <span class='ocr_line' id='line_1_10' title="bbox 145 1082 1211 1205; baseline -0.009 -11"><span class='ocrx_word' id='word_1_75' title='bbox 145 1082 328 1205; x_wconf 54' lang='lat' dir='ltr'><strong>pe{rictmllisrqeorrt</strong></span> <span class='ocrx_word' id='word_1_76' title='bbox 346 1142 439 1191; x_wconf 83' lang='lat' dir='ltr'><strong>multos</strong></span> <span class='ocrx_word' id='word_1_77' title='bbox 441 1176 489 1191; x_wconf 87' lang='grc'><strong>.....</strong></span> <span class='ocrx_word' id='word_1_78' title='bbox 505 1140 596 1201; x_wconf 86' lang='lat' dir='ltr'><strong>idest,</strong></span> <span class='ocrx_word' id='word_1_79' title='bbox 612 1142 641 1189; x_wconf 92' lang='lat' dir='ltr'><strong>ut</strong></span> <span class='ocrx_word' id='word_1_80' title='bbox 655 1141 795 1202; x_wconf 85' lang='lat' dir='ltr'><strong>pluspaier</strong></span> <span class='ocrx_word' id='word_1_81' title='bbox 817 1136 957 1186; x_wconf 89' lang='lat' dir='ltr'><strong>multorum</strong></span> <span class='ocrx_word' id='word_1_82' title='bbox 976 1135 1090 1186; x_wconf 85' lang='lat' dir='ltr'><strong>illiorum</strong></span> <span class='ocrx_word' id='word_1_83' title='bbox 1106 1136 1211 1198; x_wconf 80' lang='lat' dir='ltr'><strong>peecata</strong></span> 
     </span>
     <span class='ocr_line' id='line_1_11' title="bbox 146 1210 844 1278; baseline -0.01 -15"><span class='ocrx_word' id='word_1_84' title='bbox 146 1214 228 1278; x_wconf 80' lang='lat' dir='ltr'><strong>primi&gt;</strong></span> <span class='ocrx_word' id='word_1_85' title='bbox 242 1214 361 1272; x_wconf 85' lang='lat' dir='ltr'><strong>defleam,</strong></span> <span class='ocrx_word' id='word_1_86' title='bbox 371 1212 461 1260; x_wconf 89' lang='lat' dir='ltr'><strong>deinde</strong></span> <span class='ocrx_word' id='word_1_87' title='bbox 473 1224 533 1259; x_wconf 89' lang='lat' dir='ltr'><strong>eum</strong></span> <span class='ocrx_word' id='word_1_88' title='bbox 546 1210 617 1259; x_wconf 84' lang='lat' dir='ltr'><strong>luctu</strong></span> <span class='ocrx_word' id='word_1_89' title='bbox 630 1211 751 1270; x_wconf 84' lang='lat' dir='ltr'><strong>castigare</strong></span> <span class='ocrx_word' id='word_1_90' title='bbox 762 1220 844 1268; x_wconf 81' lang='lat' dir='ltr'><strong>cogar.</strong></span> 
     </span>
    </p>

    <p class='ocr_par' dir='ltr' id='par_1_7' title="bbox 147 1276 1246 1488">
     <span class='ocr_line' id='line_1_12' title="bbox 180 1276 1246 1346; baseline -0.008 -10"><span class='ocrx_word' id='word_1_91' title='bbox 180 1289 230 1346; x_wconf 86' lang='lat' dir='ltr'><strong>Qui</strong></span> <span class='ocrx_word' id='word_1_92' title='bbox 241 1295 305 1345; x_wconf 86' lang='lat' dir='ltr'><strong>ante,</strong></span> <span class='ocrx_word' id='word_1_93' title='bbox 316 1286 342 1334; x_wconf 91' lang='lat' dir='ltr'><strong>ld</strong></span> <span class='ocrx_word' id='word_1_94' title='bbox 353 1284 567 1346; x_wconf 86' lang='lat' dir='ltr'><strong>est,jampridem,</strong></span> <span class='ocrx_word' id='word_1_95' title='bbox 575 1284 673 1344; x_wconf 87' lang='lat' dir='ltr'><strong>jamdiu</strong></span> <span class='ocrx_word' id='word_1_96' title='bbox 685 1285 853 1345; x_wconf 78' lang='lat' dir='ltr'><strong>peecaverunt</strong></span> <span class='ocrx_word' id='word_1_97' title='bbox 863 1285 888 1330; x_wconf 90' lang='lat' dir='ltr'><strong>et</strong></span> <span class='ocrx_word' id='word_1_98' title='bbox 898 1293 961 1342; x_wconf 90' lang='lat' dir='ltr'><strong>quos</strong></span> <span class='ocrx_word' id='word_1_99' title='bbox 972 1281 1000 1329; x_wconf 95' lang='lat' dir='ltr'><strong>ln</strong></span> <span class='ocrx_word' id='word_1_100' title='bbox 1009 1281 1094 1342; x_wconf 87' lang='lat' dir='ltr'><strong>prima</strong></span> <span class='ocrx_word' id='word_1_101' title='bbox 1106 1276 1211 1343; x_wconf 73' lang='lat' dir='ltr'><strong>ephtola</strong></span> <span class='ocrx_word' id='word_1_102' title='bbox 1240 1282 1246 1298; x_wconf 89' lang='lat'><strong><em>¹</em></strong></span> 
     </span>
     <span class='ocr_line' id='line_1_13' title="bbox 147 1355 1021 1488; baseline -0.007 -9"><span class='ocrx_word' id='word_1_103' title='bbox 147 1355 333 1479; x_wconf 49' lang='lat' dir='ltr'><strong>add-ioelrlrlrlidum</strong></span> <span class='ocrx_word' id='word_1_104' title='bbox 346 1425 516 1488; x_wconf 76' lang='lat' dir='ltr'><strong>penitentium</strong></span> <span class='ocrx_word' id='word_1_105' title='bbox 533 1431 634 1486; x_wconf 75' lang='lat' dir='ltr'><strong>eperunt</strong></span> <span class='ocrx_word' id='word_1_106' title='bbox 647 1426 677 1474; x_wconf 85' lang='lat' dir='ltr'><strong>de</strong></span> <span class='ocrx_word' id='word_1_107' title='bbox 688 1424 742 1474; x_wconf 78' lang='lat' dir='ltr'><strong>suis</strong></span> <span class='ocrx_word' id='word_1_108' title='bbox 755 1425 932 1486; x_wconf 69' lang='lat' dir='ltr'><strong><em>impudicitiis.</em></strong></span> <span class='ocrx_word' id='word_1_109' title='bbox 1017 1383 1021 1388; x_wconf 31' lang='grc'><em>.</em></span> 
     </span>
    </p>

    <p class='ocr_par' dir='ltr' id='par_1_8' title="bbox 147 1491 1213 1695">
     <span class='ocr_line' id='line_1_14' title="bbox 178 1491 1213 1553; baseline -0.005 -9"><span class='ocrx_word' id='word_1_110' title='bbox 178 1496 230 1544; x_wconf 89' lang='lat' dir='ltr'><strong>lloe</strong></span> <span class='ocrx_word' id='word_1_111' title='bbox 244 1497 382 1542; x_wconf 76' lang='lat' dir='ltr'><strong>lineatione</strong></span> <span class='ocrx_word' id='word_1_112' title='bbox 402 1493 536 1541; x_wconf 87' lang='lat' dir='ltr'><strong>adversum</strong></span> <span class='ocrx_word' id='word_1_113' title='bbox 551 1496 601 1552; x_wconf 88' lang='lat' dir='ltr'><strong>est,</strong></span> <span class='ocrx_word' id='word_1_114' title='bbox 615 1495 659 1553; x_wconf 86' lang='lat' dir='ltr'><strong>qui</strong></span> <span class='ocrx_word' id='word_1_115' title='bbox 680 1492 740 1542; x_wconf 89' lang='lat' dir='ltr'><strong>dieit</strong></span> <span class='ocrx_word' id='word_1_116' title='bbox 760 1491 923 1541; x_wconf 74' lang='lat' dir='ltr'><strong>fornicatores</strong></span> <span class='ocrx_word' id='word_1_117' title='bbox 937 1504 989 1541; x_wconf 92' lang='lat' dir='ltr'><strong>non</strong></span> <span class='ocrx_word' id='word_1_118' title='bbox 1002 1503 1077 1552; x_wconf 84' lang='lat' dir='ltr'><strong>posse</strong></span> <span class='ocrx_word' id='word_1_119' title='bbox 1095 1499 1213 1553; x_wconf 75' lang='lat' dir='ltr'><strong>peragere</strong></span> 
     </span>
     <span class='ocr_line' id='line_1_15' title="bbox 148 1558 1213 1626; baseline -0.003 -16"><span class='ocrx_word' id='word_1_120' title='bbox 148 1563 337 1626; x_wconf 73' lang='lat' dir='ltr'><strong>paenitentiam,</strong></span> <span class='ocrx_word' id='word_1_121' title='bbox 353 1566 378 1608; x_wconf 85' lang='lat' dir='ltr'><strong>et</strong></span> <span class='ocrx_word' id='word_1_122' title='bbox 396 1562 473 1620; x_wconf 81' lang='lat' dir='ltr'><strong>recipi</strong></span> <span class='ocrx_word' id='word_1_123' title='bbox 490 1562 517 1606; x_wconf 95' lang='lat' dir='ltr'><strong>in</strong></span> <span class='ocrx_word' id='word_1_124' title='bbox 536 1561 752 1609; x_wconf 83' lang='lat' dir='ltr'><strong>communionem.</strong></span> <span class='ocrx_word' id='word_1_125' title='bbox 769 1560 816 1610; x_wconf 87' lang='lat' dir='ltr'><strong>lile</strong></span> <span class='ocrx_word' id='word_1_126' title='bbox 832 1559 920 1621; x_wconf 87' lang='lat' dir='ltr'><strong>prohat</strong></span> <span class='ocrx_word' id='word_1_127' title='bbox 934 1558 1061 1620; x_wconf 83' lang='lat' dir='ltr'><strong>quosdam</strong></span> <span class='ocrx_word' id='word_1_128' title='bbox 1076 1560 1171 1621; x_wconf 78' lang='lat' dir='ltr'><strong>egisse,</strong></span> <span class='ocrx_word' id='word_1_129' title='bbox 1182 1569 1213 1607; x_wconf 85' lang='lat' dir='ltr'><strong>ae</strong></span> 
     </span>
     <span class='ocr_line' id='line_1_16' title="bbox 147 1627 856 1695; baseline -0.006 -15"><span class='ocrx_word' id='word_1_130' title='bbox 147 1643 194 1695; x_wconf 85' lang='lat' dir='ltr'><strong>per</strong></span> <span class='ocrx_word' id='word_1_131' title='bbox 207 1631 255 1678; x_wconf 87' lang='lat' dir='ltr'><strong>hoo</strong></span> <span class='ocrx_word' id='word_1_132' title='bbox 266 1634 378 1691; x_wconf 86' lang='lat' dir='ltr'><strong>receptos</strong></span> <span class='ocrx_word' id='word_1_133' title='bbox 389 1641 441 1677; x_wconf 86' lang='lat' dir='ltr'><strong>esse</strong></span> <span class='ocrx_word' id='word_1_134' title='bbox 453 1630 479 1676; x_wconf 91' lang='lat' dir='ltr'><strong>ln</strong></span> <span class='ocrx_word' id='word_1_135' title='bbox 491 1641 552 1690; x_wconf 86' lang='lat' dir='ltr'><strong>paee</strong></span> <span class='ocrx_word' id='word_1_136' title='bbox 563 1627 689 1678; x_wconf 83' lang='lat' dir='ltr'><strong>Eeelesiae.</strong></span> <span class='ocrx_word' id='word_1_137' title='bbox 701 1628 856 1677; x_wconf 77' lang='lat' dir='ltr'><strong>Ambrosius</strong></span> 
     </span>
    </p>
   </div>
   <div class='ocr_carea' id='block_1_7' title="bbox 145 1725 1214 1858">
    <p class='ocr_par' dir='ltr' id='par_1_9' title="bbox 145 1725 1214 1858">
     <span class='ocr_line' id='line_1_17' title="bbox 152 1725 1214 1790; baseline -0.003 -9"><span class='ocrx_word' id='word_1_138' title='bbox 152 1729 321 1781; x_wconf 76' lang='lat' dir='ltr'><strong>Corollarium</strong></span> <span class='ocrx_word' id='word_1_139' title='bbox 329 1728 440 1790; x_wconf 60' lang='lat' dir='ltr'><strong>pietatis,</strong></span> <span class='ocrx_word' id='word_1_140' title='bbox 455 1740 498 1776; x_wconf 76' lang='lat' dir='ltr'><strong>seat</strong></span> <span class='ocrx_word' id='word_1_141' title='bbox 511 1728 538 1776; x_wconf 84' lang='lat' dir='ltr'><strong>in</strong></span> <span class='ocrx_word' id='word_1_142' title='bbox 555 1727 600 1776; x_wconf 79' lang='lat' dir='ltr'><strong>hoo</strong></span> <span class='ocrx_word' id='word_1_143' title='bbox 611 1729 692 1789; x_wconf 85' lang='lat' dir='ltr'><strong>capite</strong></span> <span class='ocrx_word' id='word_1_144' title='bbox 708 1730 746 1776; x_wconf 80' lang='lat'><strong>12.</strong></span> <span class='ocrx_word' id='word_1_145' title='bbox 759 1729 793 1776; x_wconf 88' lang='lat' dir='ltr'><strong>od</strong></span> <span class='ocrx_word' id='word_1_146' title='bbox 810 1728 927 1790; x_wconf 77' lang='lat' dir='ltr'><strong>pietatem</strong></span> <span class='ocrx_word' id='word_1_147' title='bbox 936 1725 1046 1776; x_wconf 61' lang='lat' dir='ltr'><strong>mosim</strong></span> <span class='ocrx_word' id='word_1_148' title='bbox 1059 1729 1181 1789; x_wconf 70' lang='lat' dir='ltr'><strong>eomodo,</strong></span> <span class='ocrx_word' id='word_1_149' title='bbox 1192 1732 1214 1778; x_wconf 83' lang='lat' dir='ltr'><strong>et</strong></span> 
     </span>
     <span class='ocr_line' id='line_1_18' title="bbox 145 1797 847 1858; baseline 0.001 -13"><span class='ocrx_word' id='word_1_150' title='bbox 145 1826 149 1834; x_wconf 87' lang='lat'>·</span> <span class='ocrx_word' id='word_1_151' title='bbox 529 1797 564 1845; x_wconf 85' lang='lat' dir='ltr'><strong>ad</strong></span> <span class='ocrx_word' id='word_1_152' title='bbox 581 1797 683 1858; x_wconf 76' lang='lat' dir='ltr'><strong>prosim</strong></span> <span class='ocrx_word' id='word_1_153' title='bbox 703 1797 847 1858; x_wconf 81' lang='lat' dir='ltr'><strong>rediqendo.</strong></span> 
     </span>
    </p>
   </div>
   <div class='ocr_carea' id='block_1_8' title="bbox 149 1896 1214 2440">
    <p class='ocr_par' dir='ltr' id='par_1_10' title="bbox 149 1896 1213 2163">
     <span class='ocr_line' id='line_1_19' title="bbox 179 1896 1212 1957; baseline -0.002 -8"><span class='ocrx_word' id='word_1_154' title='bbox 179 1901 338 1950; x_wconf 77' lang='lat' dir='ltr'><strong>Pareo-6.</strong></span> <span class='ocrx_word' id='word_1_155' title='bbox 349 1899 422 1948; x_wconf 87' lang='lat' dir='ltr'><strong>llisee</strong></span> <span class='ocrx_word' id='word_1_156' title='bbox 434 1896 448 1945; x_wconf 80' lang='lat' dir='ltr'><strong>h</strong></span> <span class='ocrx_word' id='word_1_157' title='bbox 460 1896 489 1946; x_wconf 82' lang='lat' dir='ltr'><strong>h.</strong></span> <span class='ocrx_word' id='word_1_158' title='bbox 500 1896 578 1946; x_wconf 82' lang='lat' dir='ltr'><strong>Paulo</strong></span> <span class='ocrx_word' id='word_1_159' title='bbox 591 1897 740 1946; x_wconf 87' lang='lat' dir='ltr'><strong>modestiam</strong></span> <span class='ocrx_word' id='word_1_160' title='bbox 751 1932 757 1955; x_wconf 88' lang='lat'>,</span> <span class='ocrx_word' id='word_1_161' title='bbox 774 1907 880 1957; x_wconf 91' lang='lat' dir='ltr'><strong>eamque</strong></span> <span class='ocrx_word' id='word_1_162' title='bbox 893 1897 995 1946; x_wconf 86' lang='lat' dir='ltr'><strong>imitare</strong></span> <span class='ocrx_word' id='word_1_163' title='bbox 1009 1916 1016 1946; x_wconf 73' lang='grc' dir='ltr'><em>ε</em></span> <span class='ocrx_word' id='word_1_164' title='bbox 1029 1898 1071 1947; x_wconf 88' lang='lat' dir='ltr'><strong>vir</strong></span> <span class='ocrx_word' id='word_1_165' title='bbox 1083 1897 1136 1947; x_wconf 79' lang='lat' dir='ltr'><strong>lieo</strong></span> <span class='ocrx_word' id='word_1_166' title='bbox 1151 1896 1212 1949; x_wconf 80' lang='lat' dir='ltr'><strong>eha-</strong></span> 
     </span>
     <span class='ocr_line' id='line_1_20' title="bbox 150 1965 1212 2027; baseline -0.002 -10"><span class='ocrx_word' id='word_1_167' title='bbox 150 1970 264 2018; x_wconf 85' lang='lat' dir='ltr'><strong>rlssimus</strong></span> <span class='ocrx_word' id='word_1_168' title='bbox 275 2004 281 2026; x_wconf 92' lang='lat'><strong>‚</strong></span> <span class='ocrx_word' id='word_1_169' title='bbox 294 1967 324 2014; x_wconf 86' lang='lat' dir='ltr'><strong>ab</strong></span> <span class='ocrx_word' id='word_1_170' title='bbox 336 1965 481 2015; x_wconf 88' lang='lat' dir='ltr'><strong>hominihus</strong></span> <span class='ocrx_word' id='word_1_171' title='bbox 497 1967 616 2013; x_wconf 85' lang='lat' dir='ltr'><strong>aestimari</strong></span> <span class='ocrx_word' id='word_1_172' title='bbox 633 1967 706 2013; x_wconf 89' lang='lat' dir='ltr'><strong>timet</strong></span> <span class='ocrx_word' id='word_1_173' title='bbox 718 1983 724 2012; x_wconf 70' lang='grc' dir='ltr'><em>ε</em></span> <span class='ocrx_word' id='word_1_174' title='bbox 737 1969 867 2026; x_wconf 85' lang='lat' dir='ltr'><strong>propterea</strong></span> <span class='ocrx_word' id='word_1_175' title='bbox 887 1978 947 2015; x_wconf 86' lang='lat' dir='ltr'><strong>suas</strong></span> <span class='ocrx_word' id='word_1_176' title='bbox 958 1977 1004 2027; x_wconf 88' lang='lat' dir='ltr'><strong>per</strong></span> <span class='ocrx_word' id='word_1_177' title='bbox 1020 1967 1212 2027; x_wconf 86' lang='lat' dir='ltr'><strong>quatuordeeim</strong></span> 
     </span>
     <span class='ocr_line' id='line_1_21' title="bbox 150 2032 1213 2096; baseline -0.001 -11"><span class='ocrx_word' id='word_1_178' title='bbox 150 2049 230 2085; x_wconf 82' lang='lat' dir='ltr'><strong>annos</strong></span> <span class='ocrx_word' id='word_1_179' title='bbox 249 2037 423 2094; x_wconf 70' lang='lat' dir='ltr'><strong>praerogativas</strong></span> <span class='ocrx_word' id='word_1_180' title='bbox 440 2033 564 2092; x_wconf 82' lang='lat' dir='ltr'><strong>profundo</strong></span> <span class='ocrx_word' id='word_1_181' title='bbox 582 2032 682 2081; x_wconf 88' lang='lat' dir='ltr'><strong>silentio</strong></span> <span class='ocrx_word' id='word_1_182' title='bbox 699 2035 768 2094; x_wconf 75' lang='lat' dir='ltr'><strong>tegit.</strong></span> <span class='ocrx_word' id='word_1_183' title='bbox 783 2034 861 2094; x_wconf 82' lang='lat' dir='ltr'><strong>Loqui</strong></span> <span class='ocrx_word' id='word_1_184' title='bbox 880 2033 984 2083; x_wconf 86' lang='lat' dir='ltr'><strong>tandem</strong></span> <span class='ocrx_word' id='word_1_185' title='bbox 1000 2038 1213 2096; x_wconf 84' lang='lat' dir='ltr'><strong>eoaetus‚pauea</strong></span> 
     </span>
     <span class='ocr_line' id='line_1_22' title="bbox 149 2100 1212 2163; baseline -0.003 -11"><span class='ocrx_word' id='word_1_186' title='bbox 149 2105 250 2153; x_wconf 80' lang='lat' dir='ltr'><strong>tantum</strong></span> <span class='ocrx_word' id='word_1_187' title='bbox 262 2109 286 2149; x_wconf 90' lang='lat' dir='ltr'><strong>et</strong></span> <span class='ocrx_word' id='word_1_188' title='bbox 300 2101 404 2149; x_wconf 77' lang='lat' dir='ltr'><strong>obscure</strong></span> <span class='ocrx_word' id='word_1_189' title='bbox 416 2101 491 2147; x_wconf 89' lang='lat' dir='ltr'><strong>relert</strong></span> <span class='ocrx_word' id='word_1_190' title='bbox 497 2119 505 2159; x_wconf 89' lang='lat'>;</span> <span class='ocrx_word' id='word_1_191' title='bbox 514 2101 649 2160; x_wconf 80' lang='lat' dir='ltr'><strong>statimque</strong></span> <span class='ocrx_word' id='word_1_192' title='bbox 661 2100 693 2148; x_wconf 91' lang='lat' dir='ltr'><strong>ad</strong></span> <span class='ocrx_word' id='word_1_193' title='bbox 705 2100 890 2151; x_wconf 84' lang='lat' dir='ltr'><strong>humiliationis</strong></span> <span class='ocrx_word' id='word_1_194' title='bbox 900 2106 1084 2163; x_wconf 78' lang='lat' dir='ltr'><strong>argumentum</strong></span> <span class='ocrx_word' id='word_1_195' title='bbox 1092 2103 1212 2163; x_wconf 77' lang='lat' dir='ltr'><strong>eoniugit.</strong></span> 
     </span>
    </p>

    <p class='ocr_par' dir='ltr' id='par_1_11' title="bbox 150 2169 1213 2366">
     <span class='ocr_line' id='line_1_23' title="bbox 181 2169 1212 2230; baseline 0 -10"><span class='ocrx_word' id='word_1_196' title='bbox 181 2172 245 2220; x_wconf 92' lang='lat' dir='ltr'><strong>lline</strong></span> <span class='ocrx_word' id='word_1_197' title='bbox 261 2183 350 2230; x_wconf 85' lang='lat' dir='ltr'><strong>sperne</strong></span> <span class='ocrx_word' id='word_1_198' title='bbox 373 2173 397 2216; x_wconf 89' lang='lat' dir='ltr'><strong>et</strong></span> <span class='ocrx_word' id='word_1_199' title='bbox 419 2169 476 2228; x_wconf 81' lang='lat' dir='ltr'><strong>iuge</strong></span> <span class='ocrx_word' id='word_1_200' title='bbox 494 2169 682 2218; x_wconf 90' lang='lat' dir='ltr'><strong>mundanorum</strong></span> <span class='ocrx_word' id='word_1_201' title='bbox 700 2172 856 2230; x_wconf 83' lang='lat' dir='ltr'><strong>vanitatem,</strong></span> <span class='ocrx_word' id='word_1_202' title='bbox 877 2170 1014 2221; x_wconf 91' lang='lat' dir='ltr'><strong>hominum</strong></span> <span class='ocrx_word' id='word_1_203' title='bbox 1034 2172 1212 2222; x_wconf 84' lang='lat' dir='ltr'><strong>existimationi</strong></span> 
     </span>
     <span class='ocr_line' id='line_1_24' title="bbox 150 2237 1213 2303; baseline 0.004 -17"><span class='ocrx_word' id='word_1_204' title='bbox 150 2238 271 2303; x_wconf 82' lang='lat' dir='ltr'><strong>perpetue</strong></span> <span class='ocrx_word' id='word_1_205' title='bbox 286 2237 457 2294; x_wconf 67' lang='lat' dir='ltr'><strong>studentium</strong></span> <span class='ocrx_word' id='word_1_206' title='bbox 472 2240 496 2283; x_wconf 90' lang='lat' dir='ltr'><strong>et</strong></span> <span class='ocrx_word' id='word_1_207' title='bbox 507 2240 637 2297; x_wconf 85' lang='lat' dir='ltr'><strong>propterea</strong></span> <span class='ocrx_word' id='word_1_208' title='bbox 651 2237 698 2286; x_wconf 85' lang='lat' dir='ltr'><strong>sihl</strong></span> <span class='ocrx_word' id='word_1_209' title='bbox 713 2237 775 2286; x_wconf 85' lang='lat' dir='ltr'><strong>lalsh</strong></span> <span class='ocrx_word' id='word_1_210' title='bbox 788 2238 953 2301; x_wconf 82' lang='lat' dir='ltr'><strong>lingentium,</strong></span> <span class='ocrx_word' id='word_1_211' title='bbox 967 2239 1077 2303; x_wconf 86' lang='lat' dir='ltr'><strong>allisque</strong></span> <span class='ocrx_word' id='word_1_212' title='bbox 1088 2243 1213 2292; x_wconf 88' lang='lat' dir='ltr'><strong>mentien-</strong></span> 
     </span>
     <span class='ocr_line' id='line_1_25' title="bbox 152 2305 672 2366; baseline -0.004 -11"><span class='ocrx_word' id='word_1_213' title='bbox 152 2310 219 2356; x_wconf 87' lang='lat' dir='ltr'><strong>tium</strong></span> <span class='ocrx_word' id='word_1_214' title='bbox 241 2307 415 2366; x_wconf 77' lang='lat' dir='ltr'><strong>praerogativas</strong></span> <span class='ocrx_word' id='word_1_215' title='bbox 426 2317 488 2363; x_wconf 90' lang='lat' dir='ltr'><strong>quas</strong></span> <span class='ocrx_word' id='word_1_216' title='bbox 502 2317 553 2352; x_wconf 92' lang='lat' dir='ltr'><strong>nou</strong></span> <span class='ocrx_word' id='word_1_217' title='bbox 569 2305 672 2353; x_wconf 85' lang='lat' dir='ltr'><strong>hahent.</strong></span> 
     </span>
    </p>

    <p class='ocr_par' dir='ltr' id='par_1_12' title="bbox 183 2374 1214 2440">
     <span class='ocr_line' id='line_1_26' title="bbox 183 2374 1214 2440; baseline 0.005 -18"><span class='ocrx_word' id='word_1_218' title='bbox 183 2374 202 2422; x_wconf 88' lang='lat' dir='ltr'>E</span> <span class='ocrx_word' id='word_1_219' title='bbox 217 2379 318 2431; x_wconf 86' lang='lat' dir='ltr'><strong>eontra,</strong></span> <span class='ocrx_word' id='word_1_220' title='bbox 331 2386 390 2421; x_wconf 86' lang='lat' dir='ltr'><strong>curn</strong></span> <span class='ocrx_word' id='word_1_221' title='bbox 402 2374 496 2420; x_wconf 89' lang='lat' dir='ltr'><strong>sanetis</strong></span> <span class='ocrx_word' id='word_1_222' title='bbox 514 2384 572 2420; x_wconf 91' lang='lat' dir='ltr'><strong>ama</strong></span> <span class='ocrx_word' id='word_1_223' title='bbox 588 2376 679 2422; x_wconf 79' lang='lat' dir='ltr'><strong>nesciri</strong></span> <span class='ocrx_word' id='word_1_224' title='bbox 696 2378 722 2424; x_wconf 89' lang='lat' dir='ltr'><strong>et</strong></span> <span class='ocrx_word' id='word_1_225' title='bbox 733 2387 779 2436; x_wconf 89' lang='lat' dir='ltr'><strong>pro</strong></span> <span class='ocrx_word' id='word_1_226' title='bbox 794 2375 875 2425; x_wconf 91' lang='lat' dir='ltr'><strong>nlhilo</strong></span> <span class='ocrx_word' id='word_1_227' title='bbox 885 2379 1015 2438; x_wconf 80' lang='lat' dir='ltr'><strong>reputari:</strong></span> <span class='ocrx_word' id='word_1_228' title='bbox 1028 2382 1161 2440; x_wconf 85' lang='lat' dir='ltr'><strong>propterea</strong></span> <span class='ocrx_word' id='word_1_229' title='bbox 1173 2378 1214 2427; x_wconf 86' lang='lat' dir='ltr'><strong>llel</strong></span> 
     </span>
    </p>
   </div>
   <div class='ocr_carea' id='block_1_9' title="bbox 153 2441 1212 2560">
    <p class='ocr_par' dir='ltr' id='par_1_13' title="bbox 153 2441 1212 2560">
     <span class='ocr_line' id='line_1_27' title="bbox 153 2441 1212 2505; baseline 0.008 -15"><span class='ocrx_word' id='word_1_230' title='bbox 153 2441 217 2490; x_wconf 89' lang='lat' dir='ltr'><strong>dona</strong></span> <span class='ocrx_word' id='word_1_231' title='bbox 231 2441 275 2489; x_wconf 88' lang='lat' dir='ltr'><strong>sile</strong></span> <span class='ocrx_word' id='word_1_232' title='bbox 285 2462 291 2500; x_wconf 88' lang='lat'>;</span> <span class='ocrx_word' id='word_1_233' title='bbox 303 2443 507 2505; x_wconf 68' lang='lat' dir='ltr'><strong>etiameoaetus,</strong></span> <span class='ocrx_word' id='word_1_234' title='bbox 520 2443 562 2490; x_wconf 82' lang='lat' dir='ltr'><strong>vir</strong></span> <span class='ocrx_word' id='word_1_235' title='bbox 573 2441 674 2503; x_wconf 90' lang='lat' dir='ltr'><strong>loquere</strong></span> <span class='ocrx_word' id='word_1_236' title='bbox 685 2461 692 2491; x_wconf 71' lang='grc' dir='ltr'><strong><em>ε</em></strong></span> <span class='ocrx_word' id='word_1_237' title='bbox 705 2446 840 2505; x_wconf 87' lang='lat' dir='ltr'><strong>statimque</strong></span> <span class='ocrx_word' id='word_1_238' title='bbox 853 2444 886 2492; x_wconf 86' lang='lat' dir='ltr'><strong>ad</strong></span> <span class='ocrx_word' id='word_1_239' title='bbox 895 2449 970 2495; x_wconf 90' lang='lat' dir='ltr'><strong>tuum</strong></span> <span class='ocrx_word' id='word_1_240' title='bbox 980 2446 1095 2496; x_wconf 90' lang='lat' dir='ltr'><strong>nihilum</strong></span> <span class='ocrx_word' id='word_1_241' title='bbox 1105 2459 1212 2498; x_wconf 78' lang='lat' dir='ltr'><strong>recurre.</strong></span> 
     </span>
     <span class='ocr_line' id='line_1_28' title="bbox 153 2510 513 2560; baseline -0.008 0"><span class='ocrx_word' id='word_1_242' title='bbox 153 2510 214 2560; x_wconf 82' lang='lat' dir='ltr'><strong>Vide</strong></span> <span class='ocrx_word' id='word_1_243' title='bbox 229 2515 364 2558; x_wconf 82' lang='lat' dir='ltr'><strong>comment.</strong></span> <span class='ocrx_word' id='word_1_244' title='bbox 380 2523 406 2558; x_wconf 93' lang='lat' dir='ltr'><strong>n.</strong></span> <span class='ocrx_word' id='word_1_245' title='bbox 423 2513 477 2558; x_wconf 72' lang='lat' dir='ltr'><strong>iel</strong></span> <span class='ocrx_word' id='word_1_246' title='bbox 489 2514 513 2559; x_wconf 84' lang='lat'><strong>6.</strong></span> 
     </span>
    </p>
   </div>
   <div class='ocr_carea' id='block_1_10' title="bbox 152 2593 1214 2791">
    <p class='ocr_par' dir='ltr' id='par_1_14' title="bbox 152 2593 1214 2791">
     <span class='ocr_line' id='line_1_29' title="bbox 184 2593 1213 2657; baseline 0.007 -15"><span class='ocrx_word' id='word_1_247' title='bbox 184 2593 378 2642; x_wconf 74' lang='lat' dir='ltr'><strong>Saoterum-7.</strong></span> <span class='ocrx_word' id='word_1_248' title='bbox 394 2593 467 2642; x_wconf 87' lang='lat' dir='ltr'><strong>llisee</strong></span> <span class='ocrx_word' id='word_1_249' title='bbox 487 2597 613 2654; x_wconf 90' lang='lat' dir='ltr'><strong>quantum</strong></span> <span class='ocrx_word' id='word_1_250' title='bbox 632 2593 729 2642; x_wconf 87' lang='lat' dir='ltr'><strong>malum</strong></span> <span class='ocrx_word' id='word_1_251' title='bbox 746 2596 778 2642; x_wconf 87' lang='lat' dir='ltr'><strong>slt</strong></span> <span class='ocrx_word' id='word_1_252' title='bbox 795 2594 877 2644; x_wconf 87' lang='lat' dir='ltr'><strong>cordis</strong></span> <span class='ocrx_word' id='word_1_253' title='bbox 888 2593 978 2655; x_wconf 89' lang='lat' dir='ltr'><strong>elatio;</strong></span> <span class='ocrx_word' id='word_1_254' title='bbox 993 2596 1072 2657; x_wconf 81' lang='lat' dir='ltr'><strong>quam</strong></span> <span class='ocrx_word' id='word_1_255' title='bbox 1086 2597 1213 2657; x_wconf 68' lang='lat' dir='ltr'><strong>timendae</strong></span> 
     </span>
     <span class='ocr_line' id='line_1_30' title="bbox 154 2662 1214 2724; baseline 0.005 -14"><span class='ocrx_word' id='word_1_256' title='bbox 154 2665 247 2724; x_wconf 73' lang='lat' dir='ltr'><strong>meanti</strong></span> <span class='ocrx_word' id='word_1_257' title='bbox 261 2662 430 2711; x_wconf 87' lang='lat' dir='ltr'><strong>sollieitudine</strong></span> <span class='ocrx_word' id='word_1_258' title='bbox 442 2663 545 2711; x_wconf 85' lang='lat' dir='ltr'><strong>vilanda</strong></span> <span class='ocrx_word' id='word_1_259' title='bbox 557 2699 563 2722; x_wconf 93' lang='lat'><em>,</em></span> <span class='ocrx_word' id='word_1_260' title='bbox 574 2666 599 2710; x_wconf 89' lang='lat' dir='ltr'><strong>et</strong></span> <span class='ocrx_word' id='word_1_261' title='bbox 614 2662 682 2722; x_wconf 89' lang='lat' dir='ltr'><strong>ideo,</strong></span> <span class='ocrx_word' id='word_1_262' title='bbox 694 2663 771 2724; x_wconf 75' lang='lat' dir='ltr'><strong>quim</strong></span> <span class='ocrx_word' id='word_1_263' title='bbox 785 2662 928 2724; x_wconf 84' lang='lat' dir='ltr'><strong>frequenter</strong></span> <span class='ocrx_word' id='word_1_264' title='bbox 949 2663 1042 2712; x_wconf 83' lang='lat' dir='ltr'><strong>debeas</strong></span> <span class='ocrx_word' id='word_1_265' title='bbox 1054 2664 1089 2715; x_wconf 90' lang='lat' dir='ltr'><strong>ad</strong></span> <span class='ocrx_word' id='word_1_266' title='bbox 1105 2669 1163 2715; x_wconf 88' lang='lat' dir='ltr'><strong>tuas</strong></span> <span class='ocrx_word' id='word_1_267' title='bbox 1177 2667 1214 2715; x_wconf 86' lang='lat' dir='ltr'><strong>ln·</strong></span> 
     </span>
     <span class='ocr_line' id='line_1_31' title="bbox 152 2731 1092 2791; baseline 0.003 -9"><span class='ocrx_word' id='word_1_268' title='bbox 152 2731 284 2782; x_wconf 83' lang='lat' dir='ltr'><strong>firnritates</strong></span> <span class='ocrx_word' id='word_1_269' title='bbox 295 2745 439 2791; x_wconf 80' lang='lat' dir='ltr'><strong>recurrere,</strong></span> <span class='ocrx_word' id='word_1_270' title='bbox 452 2737 477 2780; x_wconf 89' lang='lat' dir='ltr'><strong>et</strong></span> <span class='ocrx_word' id='word_1_271' title='bbox 488 2733 519 2781; x_wconf 88' lang='lat' dir='ltr'><strong>oh</strong></span> <span class='ocrx_word' id='word_1_272' title='bbox 532 2745 573 2781; x_wconf 89' lang='lat' dir='ltr'><strong>eas</strong></span> <span class='ocrx_word' id='word_1_273' title='bbox 583 2732 723 2782; x_wconf 86' lang='lat' dir='ltr'><strong>humiliari.</strong></span> <span class='ocrx_word' id='word_1_274' title='bbox 735 2732 796 2781; x_wconf 80' lang='lat' dir='ltr'><strong>vute</strong></span> <span class='ocrx_word' id='word_1_275' title='bbox 810 2735 946 2782; x_wconf 80' lang='lat' dir='ltr'><strong>comment.</strong></span> <span class='ocrx_word' id='word_1_276' title='bbox 959 2747 988 2782; x_wconf 88' lang='lat' dir='ltr'><strong>n.</strong></span> <span class='ocrx_word' id='word_1_277' title='bbox 1000 2736 1015 2782; x_wconf 82' lang='lat'><strong>5</strong></span> <span class='ocrx_word' id='word_1_278' title='bbox 1027 2738 1053 2783; x_wconf 88' lang='lat' dir='ltr'><strong>et</strong></span> <span class='ocrx_word' id='word_1_279' title='bbox 1066 2739 1092 2785; x_wconf 85' lang='grc'><strong>7.</strong></span> 
     </span>
    </p>
   </div>
   <div class='ocr_carea' id='block_1_11' title="bbox 153 2800 1214 2926">
    <p class='ocr_par' dir='ltr' id='par_1_15' title="bbox 153 2800 1214 2926">
     <span class='ocr_line' id='line_1_32' title="bbox 183 2800 1214 2862; baseline 0.003 -14"><span class='ocrx_word' id='word_1_280' title='bbox 183 2800 278 2848; x_wconf 77' lang='lat' dir='ltr'><strong>laidem</strong></span> <span class='ocrx_word' id='word_1_281' title='bbox 293 2814 319 2849; x_wconf 93' lang='lat' dir='ltr'><strong>n.</strong></span> <span class='ocrx_word' id='word_1_282' title='bbox 330 2805 353 2849; x_wconf 89' lang='grc'><strong>7.</strong></span> <span class='ocrx_word' id='word_1_283' title='bbox 367 2802 470 2850; x_wconf 89' lang='lat' dir='ltr'><strong>observa</strong></span> <span class='ocrx_word' id='word_1_284' title='bbox 484 2802 625 2851; x_wconf 89' lang='lat' dir='ltr'><strong>mirabilem</strong></span> <span class='ocrx_word' id='word_1_285' title='bbox 637 2805 717 2851; x_wconf 89' lang='lat' dir='ltr'><strong>artem</strong></span> <span class='ocrx_word' id='word_1_286' title='bbox 735 2802 786 2862; x_wconf 80' lang='lat' dir='ltr'><strong>qua</strong></span> <span class='ocrx_word' id='word_1_287' title='bbox 804 2802 870 2850; x_wconf 86' lang='lat' dir='ltr'><strong>lleus</strong></span> <span class='ocrx_word' id='word_1_288' title='bbox 887 2806 989 2852; x_wconf 82' lang='lat' dir='ltr'><strong>sanatos</strong></span> <span class='ocrx_word' id='word_1_289' title='bbox 1007 2816 1068 2853; x_wconf 88' lang='lat' dir='ltr'><strong>suos</strong></span> <span class='ocrx_word' id='word_1_290' title='bbox 1085 2805 1214 2854; x_wconf 81' lang='lat' dir='ltr'><strong>conservat</strong></span> 
     </span>
     <span class='ocr_line' id='line_1_33' title="bbox 153 2865 564 2926; baseline 0.005 -10"><span class='ocrx_word' id='word_1_291' title='bbox 153 2865 262 2917; x_wconf 84' lang='lat' dir='ltr'><strong>humiles</strong></span> <span class='ocrx_word' id='word_1_292' title='bbox 277 2868 406 2926; x_wconf 83' lang='lat' dir='ltr'><strong>redditque</strong></span> <span class='ocrx_word' id='word_1_293' title='bbox 420 2872 564 2918; x_wconf 81' lang='lat' dir='ltr'><strong>sanctiores.</strong></span> 
     </span>
    </p>
   </div>
   <div class='ocr_carea' id='block_1_12' title="bbox 154 2935 1214 3051">
    <p class='ocr_par' dir='ltr' id='par_1_16' title="bbox 154 2935 1214 3051">
     <span class='ocr_line' id='line_1_34' title="bbox 184 2935 1214 3002; baseline 0.005 -20"><span class='ocrx_word' id='word_1_294' title='bbox 184 2935 241 2982; x_wconf 79' lang='lat' dir='ltr'><strong>liae</strong></span> <span class='ocrx_word' id='word_1_295' title='bbox 254 2947 295 2982; x_wconf 90' lang='lat' dir='ltr'><strong>ars</strong></span> <span class='ocrx_word' id='word_1_296' title='bbox 314 2935 400 2982; x_wconf 77' lang='lat' dir='ltr'><strong>divina</strong></span> <span class='ocrx_word' id='word_1_297' title='bbox 414 2940 481 2995; x_wconf 88' lang='lat' dir='ltr'><strong>patet</strong></span> <span class='ocrx_word' id='word_1_298' title='bbox 495 2938 521 2984; x_wconf 93' lang='lat' dir='ltr'><strong>in</strong></span> <span class='ocrx_word' id='word_1_299' title='bbox 541 2936 657 2998; x_wconf 80' lang='lat' dir='ltr'><strong>apostolo</strong></span> <span class='ocrx_word' id='word_1_300' title='bbox 670 2935 763 2997; x_wconf 86' lang='lat' dir='ltr'><strong>Paulo,</strong></span> <span class='ocrx_word' id='word_1_301' title='bbox 779 2939 864 2987; x_wconf 89' lang='lat' dir='ltr'><strong>mente</strong></span> <span class='ocrx_word' id='word_1_302' title='bbox 881 2939 910 2987; x_wconf 91' lang='lat' dir='ltr'><strong>ln</strong></span> <span class='ocrx_word' id='word_1_303' title='bbox 925 2937 1021 2988; x_wconf 87' lang='lat' dir='ltr'><strong>eoelum</strong></span> <span class='ocrx_word' id='word_1_304' title='bbox 1035 2944 1127 3002; x_wconf 81' lang='lat' dir='ltr'><strong>rapto;</strong></span> <span class='ocrx_word' id='word_1_305' title='bbox 1142 2951 1214 2990; x_wconf 86' lang='lat' dir='ltr'><strong>earne</strong></span> 
     </span>
     <span class='ocr_line' id='line_1_35' title="bbox 154 3002 535 3051; baseline 0 0"><span class='ocrx_word' id='word_1_306' title='bbox 154 3006 239 3051; x_wconf 77' lang='lat' dir='ltr'><strong>autem</strong></span> <span class='ocrx_word' id='word_1_307' title='bbox 255 3005 279 3049; x_wconf 95' lang='lat' dir='ltr'><strong>in</strong></span> <span class='ocrx_word' id='word_1_308' title='bbox 293 3013 394 3049; x_wconf 83' lang='lat' dir='ltr'><strong>eoenum</strong></span> <span class='ocrx_word' id='word_1_309' title='bbox 410 3002 535 3051; x_wconf 87' lang='lat' dir='ltr'><strong>devoluto.</strong></span> 
     </span>
    </p>
   </div>
   <div class='ocr_carea' id='block_1_13' title="bbox 155 3069 1214 3339">
    <p class='ocr_par' dir='ltr' id='par_1_17' title="bbox 155 3069 1214 3267">
     <span class='ocr_line' id='line_1_36' title="bbox 185 3069 1214 3135; baseline 0.009 -20"><span class='ocrx_word' id='word_1_310' title='bbox 185 3070 249 3116; x_wconf 90' lang='lat' dir='ltr'><strong>lline</strong></span> <span class='ocrx_word' id='word_1_311' title='bbox 261 3070 328 3115; x_wconf 73' lang='lat' dir='ltr'><strong>elisee</strong></span> <span class='ocrx_word' id='word_1_312' title='bbox 346 3074 370 3115; x_wconf 88' lang='lat' dir='ltr'><strong>te</strong></span> <span class='ocrx_word' id='word_1_313' title='bbox 384 3069 427 3115; x_wconf 86' lang='lat' dir='ltr'><strong>Dei</strong></span> <span class='ocrx_word' id='word_1_314' title='bbox 444 3071 550 3118; x_wconf 85' lang='lat' dir='ltr'><strong>bonitati</strong></span> <span class='ocrx_word' id='word_1_315' title='bbox 566 3073 740 3131; x_wconf 81' lang='lat' dir='ltr'><strong>committere,</strong></span> <span class='ocrx_word' id='word_1_316' title='bbox 761 3077 785 3121; x_wconf 91' lang='lat' dir='ltr'><strong>et</strong></span> <span class='ocrx_word' id='word_1_317' title='bbox 804 3076 831 3121; x_wconf 92' lang='lat' dir='ltr'><strong>in</strong></span> <span class='ocrx_word' id='word_1_318' title='bbox 854 3076 915 3135; x_wconf 90' lang='lat' dir='ltr'><strong>ipsis</strong></span> <span class='ocrx_word' id='word_1_319' title='bbox 936 3077 1015 3126; x_wconf 88' lang='lat' dir='ltr'><strong>etiam</strong></span> <span class='ocrx_word' id='word_1_320' title='bbox 1033 3077 1214 3127; x_wconf 84' lang='lat' dir='ltr'><strong>tentationibus</strong></span> 
     </span>
     <span class='ocr_line' id='line_1_37' title="bbox 155 3137 1214 3199; baseline 0.013 -16"><span class='ocrx_word' id='word_1_321' title='bbox 155 3137 344 3195; x_wconf 71' lang='lat' dir='ltr'><strong>sapientissimae</strong></span> <span class='ocrx_word' id='word_1_322' title='bbox 359 3138 413 3193; x_wconf 88' lang='lat' dir='ltr'><strong>ejus</strong></span> <span class='ocrx_word' id='word_1_323' title='bbox 426 3137 549 3186; x_wconf 85' lang='lat' dir='ltr'><strong>voluntati</strong></span> <span class='ocrx_word' id='word_1_324' title='bbox 562 3139 716 3199; x_wconf 90' lang='lat' dir='ltr'><strong>submissus,</strong></span> <span class='ocrx_word' id='word_1_325' title='bbox 730 3140 861 3189; x_wconf 91' lang='lat' dir='ltr'><strong>humiliter</strong></span> <span class='ocrx_word' id='word_1_326' title='bbox 873 3148 898 3190; x_wconf 87' lang='lat' dir='ltr'><strong>et</strong></span> <span class='ocrx_word' id='word_1_327' title='bbox 909 3144 1035 3194; x_wconf 88' lang='lat' dir='ltr'><strong>instanter</strong></span> <span class='ocrx_word' id='word_1_328' title='bbox 1048 3158 1142 3195; x_wconf 84' lang='lat' dir='ltr'><strong>orare:</strong></span> <span class='ocrx_word' id='word_1_329' title='bbox 1157 3147 1214 3197; x_wconf 77' lang='lat' dir='ltr'><strong>Cert-</strong></span> 
     </span>
     <span class='ocr_line' id='line_1_38' title="bbox 155 3203 913 3267; baseline 0.013 -17"><span class='ocrx_word' id='word_1_330' title='bbox 155 3213 227 3250; x_wconf 79' lang='lat' dir='ltr'><strong>serea</strong></span> <span class='ocrx_word' id='word_1_331' title='bbox 239 3215 289 3257; x_wconf 87' lang='lat' dir='ltr'><strong>me,</strong></span> <span class='ocrx_word' id='word_1_332' title='bbox 303 3203 420 3260; x_wconf 78' lang='lat' dir='ltr'><strong>Domine,</strong></span> <span class='ocrx_word' id='word_1_333' title='bbox 431 3206 550 3264; x_wconf 83' lang='lat' dir='ltr'><strong>quonium</strong></span> <span class='ocrx_word' id='word_1_334' title='bbox 564 3207 665 3267; x_wconf 82' lang='lat' dir='ltr'><strong>speravi</strong></span> <span class='ocrx_word' id='word_1_335' title='bbox 675 3209 702 3256; x_wconf 82' lang='lat' dir='ltr'><strong>in</strong></span> <span class='ocrx_word' id='word_1_336' title='bbox 719 3209 876 3258; x_wconf 80' lang='lat' dir='ltr'><strong>te.Psal.&#39;15.</strong></span> <span class='ocrx_word' id='word_1_337' title='bbox 891 3215 913 3260; x_wconf 89' lang='lat' dir='ltr'><strong>i.</strong></span> 
     </span>
    </p>

    <p class='ocr_par' dir='ltr' id='par_1_18' title="bbox 187 3271 1094 3339">
     <span class='ocr_line' id='line_1_39' title="bbox 187 3271 1094 3339; baseline 0.017 -22"><span class='ocrx_word' id='word_1_338' title='bbox 187 3271 293 3318; x_wconf 80' lang='lat' dir='ltr'><strong>Saluum</strong></span> <span class='ocrx_word' id='word_1_339' title='bbox 306 3286 344 3319; x_wconf 84' lang='lat' dir='ltr'><strong>me</strong></span> <span class='ocrx_word' id='word_1_340' title='bbox 362 3272 419 3333; x_wconf 72' lang='lat' dir='ltr'><strong>iac,</strong></span> <span class='ocrx_word' id='word_1_341' title='bbox 433 3276 550 3332; x_wconf 83' lang='lat' dir='ltr'><strong>Domine,</strong></span> <span class='ocrx_word' id='word_1_342' title='bbox 565 3277 685 3337; x_wconf 83' lang='lat' dir='ltr'><strong>quoniam</strong></span> <span class='ocrx_word' id='word_1_343' title='bbox 703 3278 788 3339; x_wconf 72' lang='lat' dir='ltr'><strong>defecit</strong></span> <span class='ocrx_word' id='word_1_344' title='bbox 806 3285 915 3328; x_wconf 78' lang='lat' dir='ltr'><strong>sonetur.</strong></span> <span class='ocrx_word' id='word_1_345' title='bbox 932 3279 998 3330; x_wconf 79' lang='lat' dir='ltr'><strong>Psal.</strong></span> <span class='ocrx_word' id='word_1_346' title='bbox 1014 3285 1053 3331; x_wconf 87' lang='lat' dir='ltr'><strong>ll.</strong></span> <span class='ocrx_word' id='word_1_347' title='bbox 1067 3285 1094 3332; x_wconf 80' lang='grc'><strong>2.</strong></span> 
     </span>
    </p>
   </div>
   <div class='ocr_carea' id='block_1_14' title="bbox 156 3350 1217 3472">
    <p class='ocr_par' dir='ltr' id='par_1_19' title="bbox 156 3350 1217 3472">
     <span class='ocr_line' id='line_1_40' title="bbox 186 3350 1217 3422; baseline 0.017 -25"><span class='ocrx_word' id='word_1_348' title='bbox 186 3350 290 3399; x_wconf 82' lang='lat' dir='ltr'><strong>Tnario.</strong></span> <span class='ocrx_word' id='word_1_349' title='bbox 299 3377 329 3387; x_wconf 94' lang='lat'><em>-</em></span> <span class='ocrx_word' id='word_1_350' title='bbox 338 3357 360 3401; x_wconf 89' lang='lat'><strong>8.</strong></span> <span class='ocrx_word' id='word_1_351' title='bbox 374 3354 445 3404; x_wconf 83' lang='lat' dir='ltr'><strong>hisee</strong></span> <span class='ocrx_word' id='word_1_352' title='bbox 456 3357 580 3416; x_wconf 91' lang='lat' dir='ltr'><strong>quomodo</strong></span> <span class='ocrx_word' id='word_1_353' title='bbox 592 3359 673 3407; x_wconf 85' lang='lat' dir='ltr'><strong>saneti</strong></span> <span class='ocrx_word' id='word_1_354' title='bbox 687 3360 750 3422; x_wconf 79' lang='lat' dir='ltr'><strong>saepe</strong></span> <span class='ocrx_word' id='word_1_355' title='bbox 761 3362 776 3408; x_wconf 83' lang='lat' dir='ltr'><strong>a</strong></span> <span class='ocrx_word' id='word_1_356' title='bbox 787 3359 837 3409; x_wconf 83' lang='lat' dir='ltr'><strong>ileo</strong></span> <span class='ocrx_word' id='word_1_357' title='bbox 853 3360 995 3412; x_wconf 87' lang='lat' dir='ltr'><strong>audiuntur</strong></span> <span class='ocrx_word' id='word_1_358' title='bbox 1007 3367 1033 3413; x_wconf 90' lang='lat' dir='ltr'><strong>et</strong></span> <span class='ocrx_word' id='word_1_359' title='bbox 1043 3377 1098 3414; x_wconf 88' lang='lat' dir='ltr'><strong>non</strong></span> <span class='ocrx_word' id='word_1_360' title='bbox 1109 3365 1217 3415; x_wconf 83' lang='lat' dir='ltr'><strong>audiun-</strong></span> 
     </span>
     <span class='ocr_line' id='line_1_41' title="bbox 156 3417 508 3472; baseline 0.017 -5"><span class='ocrx_word' id='word_1_361' title='bbox 156 3421 207 3467; x_wconf 86' lang='lat' dir='ltr'><strong>tur.</strong></span> <span class='ocrx_word' id='word_1_362' title='bbox 220 3417 280 3466; x_wconf 87' lang='lat' dir='ltr'><strong>l&#39;ide</strong></span> <span class='ocrx_word' id='word_1_363' title='bbox 291 3424 508 3472; x_wconf 81' lang='lat' dir='ltr'><strong>commentarium.</strong></span> 
     </span>
    </p>
   </div>
   <div class='ocr_carea' id='block_1_15' title="bbox 157 3485 1220 3830">
    <p class='ocr_par' dir='ltr' id='par_1_20' title="bbox 157 3485 1220 3830">
     <span class='ocr_line' id='line_1_42' title="bbox 157 3485 1217 3601; baseline 0.021 -71"><span class='ocrx_word' id='word_1_364' title='bbox 157 3485 297 3601; x_wconf 41' lang='lat' dir='ltr'><strong>mazimeque</strong></span> <span class='ocrx_word' id='word_1_365' title='bbox 314 3488 393 3539; x_wconf 89' lang='lat' dir='ltr'><strong>solare</strong></span> <span class='ocrx_word' id='word_1_366' title='bbox 406 3504 457 3540; x_wconf 91' lang='lat' dir='ltr'><strong>non</strong></span> <span class='ocrx_word' id='word_1_367' title='bbox 468 3491 614 3552; x_wconf 58' lang='lat' dir='ltr'><strong>exauditum</strong></span> <span class='ocrx_word' id='word_1_368' title='bbox 626 3492 716 3554; x_wconf 89' lang='lat' dir='ltr'><strong>dieque</strong></span> <span class='ocrx_word' id='word_1_369' title='bbox 728 3494 867 3546; x_wconf 88' lang='lat' dir='ltr'><strong>submissus</strong></span> <span class='ocrx_word' id='word_1_370' title='bbox 880 3516 887 3546; x_wconf 71' lang='grc' dir='ltr'><em>ε</em></span> <span class='ocrx_word' id='word_1_371' title='bbox 899 3497 944 3546; x_wconf 84' lang='lat' dir='ltr'><strong>ilat</strong></span> <span class='ocrx_word' id='word_1_372' title='bbox 955 3498 1076 3550; x_wconf 77' lang='lat' dir='ltr'><strong>voluntas</strong></span> <span class='ocrx_word' id='word_1_373' title='bbox 1090 3505 1151 3563; x_wconf 83' lang='lat' dir='ltr'><strong>tua,</strong></span> <span class='ocrx_word' id='word_1_374' title='bbox 1164 3512 1217 3550; x_wconf 84' lang='lat' dir='ltr'><strong>non</strong></span> 
     </span>
     <span class='ocr_line' id='line_1_43' title="bbox 157 3631 1220 3759; baseline 0.025 -82"><span class='ocrx_word' id='word_1_375' title='bbox 157 3631 380 3759; x_wconf 42' lang='lat' dir='ltr'><strong>eefflrssui&#39;psesm&#39;</strong></span> <span class='ocrx_word' id='word_1_376' title='bbox 399 3636 471 3685; x_wconf 80' lang='lat' dir='ltr'><strong>hisee</strong></span> <span class='ocrx_word' id='word_1_377' title='bbox 490 3637 586 3688; x_wconf 88' lang='lat' dir='ltr'><strong>dietum</strong></span> <span class='ocrx_word' id='word_1_378' title='bbox 604 3639 721 3702; x_wconf 79' lang='lat' dir='ltr'><strong>Apostolo</strong></span> <span class='ocrx_word' id='word_1_379' title='bbox 740 3641 799 3692; x_wconf 78' lang='lat' dir='ltr'><strong>veri</strong></span> <span class='ocrx_word' id='word_1_380' title='bbox 812 3643 928 3706; x_wconf 81' lang='lat' dir='ltr'><strong>dignum.</strong></span> <span class='ocrx_word' id='word_1_381' title='bbox 939 3643 1029 3698; x_wconf 84' lang='lat' dir='ltr'><strong>Vestra</strong></span> <span class='ocrx_word' id='word_1_382' title='bbox 1046 3662 1101 3700; x_wconf 91' lang='lat' dir='ltr'><strong>non</strong></span> <span class='ocrx_word' id='word_1_383' title='bbox 1112 3661 1192 3712; x_wconf 72' lang='lat' dir='ltr'><strong>quam</strong></span> <span class='ocrx_word' id='word_1_384' title='bbox 1205 3677 1220 3707; x_wconf 63' lang='lat'><strong><em>³</em></strong></span> 
     </span>
     <span class='ocr_line' id='line_1_44' title="bbox 188 3734 616 3830; baseline 0.019 -15"><span class='ocrx_word' id='word_1_385' title='bbox 188 3766 288 3826; x_wconf 85' lang='lat' dir='ltr'><strong>llocque</strong></span> <span class='ocrx_word' id='word_1_386' title='bbox 302 3734 376 3816; x_wconf 75' lang='lat' dir='ltr'><strong>lueet</strong></span> <span class='ocrx_word' id='word_1_387' title='bbox 389 3768 528 3830; x_wconf 77' lang='lat' dir='ltr'><strong>Apostoliee</strong></span> <span class='ocrx_word' id='word_1_388' title='bbox 538 3775 616 3823; x_wconf 80' lang='lat' dir='ltr'><strong>rives.</strong></span> 
     </span>
    </p>
   </div>
   <div class='ocr_carea' id='block_1_16' title="bbox 159 3846 1213 3977">
    <p class='ocr_par' dir='ltr' id='par_1_21' title="bbox 159 3846 1213 3977">
     <span class='ocr_line' id='line_1_45' title="bbox 188 3846 1213 3928; baseline 0.021 -35"><span class='ocrx_word' id='word_1_389' title='bbox 188 3846 292 3906; x_wconf 83' lang='lat' dir='ltr'><strong>Qurure.</strong></span> <span class='ocrx_word' id='word_1_390' title='bbox 301 3873 332 3882; x_wconf 98' lang='lat'><em>-</em></span> <span class='ocrx_word' id='word_1_391' title='bbox 343 3853 373 3928; x_wconf 37' lang='lat' dir='ltr'><strong>ii·</strong></span> <span class='ocrx_word' id='word_1_392' title='bbox 384 3855 409 3897; x_wconf 92' lang='lat' dir='ltr'><strong>et</strong></span> <span class='ocrx_word' id='word_1_393' title='bbox 426 3853 462 3899; x_wconf 81' lang='lat'><strong>15.</strong></span> <span class='ocrx_word' id='word_1_394' title='bbox 475 3851 533 3902; x_wconf 87' lang='lat' dir='ltr'><strong>Veri</strong></span> <span class='ocrx_word' id='word_1_395' title='bbox 551 3857 644 3918; x_wconf 75' lang='lat' dir='ltr'><strong>patale,</strong></span> <span class='ocrx_word' id='word_1_396' title='bbox 659 3858 761 3920; x_wconf 77' lang='lat' dir='ltr'><strong>verique</strong></span> <span class='ocrx_word' id='word_1_397' title='bbox 776 3862 883 3923; x_wconf 80' lang='lat' dir='ltr'><strong>pastoris</strong></span> <span class='ocrx_word' id='word_1_398' title='bbox 898 3863 1045 3928; x_wconf 76' lang='lat' dir='ltr'><strong>exemplum</strong></span> <span class='ocrx_word' id='word_1_399' title='bbox 1056 3868 1084 3918; x_wconf 85' lang='lat' dir='ltr'><strong>ln</strong></span> <span class='ocrx_word' id='word_1_400' title='bbox 1096 3866 1126 3917; x_wconf 77' lang='lat' dir='ltr'><strong>D.</strong></span> <span class='ocrx_word' id='word_1_401' title='bbox 1136 3861 1213 3916; x_wconf 77' lang='lat' dir='ltr'><strong>Pauo</strong></span> 
     </span>
     <span class='ocr_line' id='line_1_46' title="bbox 159 3913 474 3977; baseline 0.01 -12"><span class='ocrx_word' id='word_1_402' title='bbox 159 3913 234 3977; x_wconf 72' lang='lat' dir='ltr'><strong>alde,</strong></span> <span class='ocrx_word' id='word_1_403' title='bbox 244 3915 353 3976; x_wconf 80' lang='lat' dir='ltr'><strong>mirare,</strong></span> <span class='ocrx_word' id='word_1_404' title='bbox 366 3918 474 3968; x_wconf 82' lang='lat' dir='ltr'><strong>imitare.</strong></span> 
     </span>
    </p>
   </div>
   <div class='ocr_carea' id='block_1_17' title="bbox 0 0 1279 4424">
    <p class='ocr_par' dir='ltr' id='par_1_22' title="bbox 0 0 1279 4424">
     <span class='ocr_line' id='line_1_47' title="bbox 0 0 1279 4424; baseline 0 0"><span class='ocrx_word' id='word_1_405' title='bbox 0 0 1279 4424; x_wconf 95' lang='lat' dir='ltr'><strong> </strong></span> 
     </span>
    </p>
   </div>
  </div>
 </body>
</html>
