2512 4424
38 885 41 891 ,
138 836 233 885 cisione
248 847 311 896 opus
328 832 435 882 essetad
444 832 666 893 justificationem,
685 843 736 879 non

137 264 191 318 208
432 256 635 313 EPISTOLAE
655 256 705 310 ab
722 249 906 310 denaris

137 357 254 406 mentum
276 351 356 413 iilud,
374 351 389 402 i
406 351 456 403 lieo
470 352 566 404 iactum
587 352 618 402 do
634 349 737 401 henedi-
759 355 883 405 mentum
894 343 1090 402 monimntum
1100 340 1195 408 ditem

137 423 224 474 oendis
242 435 273 473 ne
293 421 418 472 salvandis
439 422 555 484 gentibus
569 434 613 485 per
629 421 736 470 unicum

137 491 200 541 iliud
216 503 317 550 semen,
332 488 414 538 filium
425 489 544 552 Abrahae,
558 490 682 539 nimirum
693 500 737 551 per

137 560 214 612 iidem
228 561 256 610 in
270 560 407 610 Christum.

168 629 218 679 Lex
235 628 308 690 longe
330 630 452 691 posterior
470 639 522 677 non
541 630 623 690 potest
639 627 737 676 irritare
759 630 826 691 Quae
843 631 907 694 posi
931 622 1152 691 quadringentos
1171 626 1197 675 ei

138 710 185 748 neo
200 697 334 758 abrogare,
352 710 399 746 nec
414 696 451 746 iiii
466 695 605 757 quidquam
619 693 738 756 superad·
760 705 869 772 [fpgpnpa
884 716 975 755 amm
993 701 1064 754 facta
1077 705 1121 754 est
1139 700 1195 763 101,

138 764 196 816 dore
207 785 214 815 r
225 767 354 827 abrogaret
365 770 468 825 autem,
483 767 504 814 si
522 765 576 827 ipsd
590 767 616 813 et
630 765 738 813 circum·
760 797 817 835 non
828 781 937 834 prmum
947 780 1012 832 facit
1020 779 1057 834 ad
1065 791 1197 833 menan,

138 903 278 967 baptismo,
290 899 412 950 etfldoin
424 900 553 950 Christum
566 917 573 949 ι
585 898 738 961 superadde-
760 858 824 912 dam
837 855 1063 931 Pm¹¹¹i⁵⁸i⁰¹¹ffi

138 973 194 1032 ret,
206 973 228 1020 si
242 971 293 1019 und
309 982 369 1018 cum
385 969 511 1032 baptismo
526 979 589 1030 opus
607 970 672 1016 essct
688 967 738 1015 oir-

138 1042 300 1092 oumcisione.

167 1111 231 1161 Nam
242 1114 263 1160 si
280 1123 309 1159 ex
327 1109 380 1170 iege
393 1108 516 1158 efficimur
534 1106 647 1156 heredes
661 1105 738 1156 bene·
794 1105 839 1156 18.
850 1102 919 1155 Nam
929 1099 953 1155 si
965 1099 1073 1167 exlege
1083 1091 1196 1153 haeredi·

138 1179 256 1230 dictionis
277 1177 518 1238 Abrahae,1ustiiin
536 1174 633 1224 scilicet
651 1177 676 1224 et
695 1185 737 1222 so-
761 1185 816 1243 aas,

138 1248 213 1307 lubin
323 1281 329 1291 ·
1027 1297 1034 1312 ·
1066 1297 1073 1310 ·

168 1316 233 1378 Ergo
248 1329 300 1366 non
312 1327 343 1364 ex
355 1313 538 1377 promissione,
549 1312 580 1361 de
590 1312 689 1362 Christo
700 1313 738 1361 ni·
759 1304 820 1356 Jam
828 1313 887 1354 non
898 1312 932 1353 ex
942 1311 1148 1367 promissiones

139 1385 306 1444 mirum3sen
317 1395 369 1431 non
383 1394 414 1431 ox
424 1381 524 1430 Christo
532 1383 672 1442 promisso;
1163 1434 1170 1448 ο

169 1451 218 1501 Sed
230 1452 280 1500 hoc
293 1450 400 1509 falsum;
419 1448 478 1498 cdm
496 1447 562 1496 Deus
577 1446 644 1496 hano
658 1447 738 1496 haero-
762 1438 878 1492 sbrahae
890 1444 984 1491 autom
991 1451 1043 1504 per
1051 1447 1197 1505 repromis-

140 1516 244 1566 dltoiem
255 1517 357 1565 nonnisi
368 1527 413 1577 per
422 1514 510 1564 semen
519 1513 641 1575 Abrahae,
652 1514 737 1575 idest,
761 1519 870 1572 sionem
880 1517 994 1571 donavit
1004 1519 1090 1570 neus,

138 1597 184 1648 per
204 1584 332 1634 Christum
350 1584 467 1646 gentihus
486 1583 652 1633 obventurum
675 1595 738 1647 prae-
1126 1596 1132 1610 ·

140 1653 283 1703 nuntiem:

139 1799 199 1845 anto
211 1794 412 1885 authentioatum
423 1795 439 1846 a
449 1794 500 1844 Deo
518 1795 547 1843 in
566 1795 704 1844 Christum.
722 1793 778 1856 Syr.
790 1792 858 1856 quod
867 1795 928 1844 anto
942 1792 1125 1845 confirmatum
1139 1789 1197 1842 esti

139 1865 462 1998 negriffiigaltolstgstamenti
484 1947 576 1994 sonsa,
596 1933 660 1982 mihi
675 1933 709 1983 ad
731 1936 902 1996 interruptum
920 1943 1082 1994 sermonem,
1102 1935 1197 1983 oioon·

140 2003 220 2055 eludit
236 2016 267 2053 ex
286 2016 316 2053 co
336 2002 404 2066 quod
419 2002 484 2052 dixit
503 2016 593 2066 supra,
615 2005 795 2052 testemonium
814 2001 926 2051 hominis
946 2000 1126 2052 authenticum
1149 2012 1197 2053 non

140 2073 447 2201 rezoliggiidmhenssfflmm
457 2141 637 2189 testamentum
652 2137 716 2188 illud
725 2139 740 2188 d
750 2138 801 2188 neo
812 2139 908 2189 iactum
925 2138 956 2189 de
968 2138 1149 2190 benedicendis
1156 2137 1198 2188 ho·

139 2210 250 2259 minibus
262 2222 306 2270 pcr
316 2208 459 2268 Christum,
473 2212 498 2257 et
513 2222 559 2270 per
571 2208 646 2256 sidem
663 2210 691 2256 in
704 2208 849 2269 Christum,
861 2208 900 2257 lex
911 2209 984 2270 longe
994 2211 1135 2272 posterior,
1150 2220 1198 2259 non
1220 2225 1221 2230 ¹

138 2282 221 2342 potest
229 2282 343 2336 irritare,
355 2290 402 2327 neo
420 2277 556 2338 abrogare,
570 2290 616 2326 noc
628 2276 666 2325 'iiii
679 2279 739 2337 quid
754 2279 929 2341 superaddere.

170 2353 230 2400 Post
239 2352 460 2412 quadriopmtos...
467 2351 497 2400 iii
507 2351 683 2413 quadringenti
692 2353 795 2412 triginta
805 2353 865 2400 anni
875 2351 1012 2414 incipiendi
1023 2355 1086 2402 sunt
1095 2352 1110 2401 d
1120 2353 1197 2416 prime

139 2422 306 2538 lpromissione
323 2420 428 2468 Abrahae
449 2419 532 2480 iacta,
549 2421 678 2481 usquead
697 2420 781 2469 dotem
801 2421 880 2482 legem
897 2423 924 2470 in
945 2426 1032 2471 moute
1050 2422 1122 2473 Slna.
1142 2421 1198 2472 Vide

161 2490 254 2551 stium,
273 2488 433 2551 Cornelium,
454 2490 642 2552 Fromondum3
654 2493 714 2539 ante
729 2501 772 2539 eos
787 2490 817 2540 1).
836 2491 960 2540 Thomam
978 2491 1084 2554 hic,1i.
1105 2491 1198 2555 hugus-

139 2559 232 2607 timrm.
304 2588 313 2600 ·

171 2630 209 2677 18.
222 2629 287 2678 Nom
301 2628 326 2677 si
339 2642 367 2677 eo
379 2627 443 2691 iope,
458 2641 503 2679 seu
518 2628 579 2690 legis
597 2629 771 2689 observantia,
792 2642 836 2678 seu
850 2641 880 2679 ex
891 2629 952 2692 legis
963 2630 1091 2692 operibus.

168 2698 326 2755 Hereditas,
340 2698 497 2759 benedictio,
508 2699 624 2758 iustitia,
641 2699 708 2747 saius
722 2703 829 2758 aeterna3

168 2767 228 2815 Jom
240 2781 304 2825 non,
316 2767 342 2815 id
355 2771 405 2828 est,
418 2780 475 2828 ergo
487 2781 538 2816 non
549 2780 579 2815 ex
589 2769 771 2829 promissione,
789 2778 845 2828 quae
860 2767 924 2816 incia
937 2771 975 2816 est
989 2765 1135 2818 Abrahamo
1147 2769 1198 2819 slno

138 2833 207 2897 lege,
221 2839 245 2884 et
256 2837 310 2884 sine
324 2835 408 2897 legalis
422 2837 602 2885 observationis
613 2837 751 2884 mentione.

168 2903 277 2953 Abrohae
289 2910 372 2953 autom
383 2918 428 2965 per
438 2905 653 2965 repromissionem
670 2903 780 2952 donauit.
797 2902 839 2952 Gr.
856 2902 1010 2964 gratificatus
1027 2907 1065 2952 est
1082 2904 1163 2968 Dens,
1175 2905 1198 2955 id

140 2976 192 3032 est,
204 2973 270 3021 Deus
282 2974 397 3034 promisit
410 2985 437 3020 se
448 2974 524 3033 gratis
535 2972 671 3032 daturum,
684 2973 780 3021 scilicet
793 2985 836 3034 per
847 2971 923 3021 sidem
935 2973 961 3022 in
974 2971 1115 3024 Christum.

168 3041 272 3090 Summa
284 3042 361 3101 hujus
373 3043 572 3089 ratiocinationis
583 3041 636 3089 haeo
650 3046 687 3090 est
703 3060 710 3090 s

169 3109 350 3159 huthenticum
367 3109 479 3159 hominis
497 3112 592 3158 mortni
607 3113 786 3159 testamentum
802 3122 877 3159 nemo
891 3110 1008 3172 reprobat
1020 3115 1067 3161 aut
1082 3114 1197 3174 inventii:

138 3178 154 3226 d
168 3176 264 3226 iortIori
280 3182 460 3226 testamentum
476 3178 519 3226 Dei
532 3180 583 3226 vivi
596 3180 683 3228 {eterni
697 3179 783 3228 nulius
795 3179 959 3239 immutabit;

168 3244 243 3307 Atqui
262 3245 327 3294 Deus
346 3249 525 3296 testamentum
541 3245 599 3295 iecit
615 3245 738 3296 Abrahae:
753 3249 869 3310 promisit
884 3249 953 3296 onim
964 3248 1031 3309 quod
1045 3262 1091 3312 por
1108 3250 1199 3301 Filium

139 3317 210 3377 eius,
224 3327 315 3376 nempe
328 3315 473 3377 Christum,
489 3327 577 3365 omncs
590 3319 676 3376 gentes
691 3316 919 3377 benedicerentur,
939 3320 964 3366 et
984 3323 1107 3369 aeternam
1121 3321 1200 3384 possi

138 3384 227 3439 dorent
238 3382 408 3432 hoereditatem
421 3398 429 3433 z

168 3452 218 3501 Lar
228 3465 298 3514 ergo,
311 3453 383 3514 longe
394 3457 450 3516 post
461 3456 640 3504 testamentum
653 3452 748 3502 iactum
760 3457 784 3503 et
797 3453 977 3505 confirmatum
988 3460 1197 3519 ,superueniens

139 3521 202 3573 iliud
222 3535 273 3572 non
290 3526 433 3574 immutabit
452 3538 459 3572 ε
478 3527 625 3573 immutaret
645 3527 746 3584 autem,
769 3526 790 3572 si
814 3524 911 3586 exlege
929 3529 994 3574 esset
1010 3526 1155 3579 benedictio
1175 3532 1198 3577 ct

139 3591 352 3655 hn1·editas;quia
366 3596 387 3643 si
404 3607 433 3643 ex
449 3593 519 3655 lege,
534 3606 590 3654 ergo
607 3606 658 3642 non
673 3607 703 3642 er
718 3589 897 3655 promissione,
910 3607 954 3643 seu
967 3607 997 3644 er
1010 3599 1109 3647 semine
1120 3597 1197 3648 aora-

138 3659 178 3711 hae
190 3664 310 3722 promisso
322 3681 328 3711 ι
342 3663 408 3723 quod
424 3666 488 3711 esset
501 3661 544 3710 Dei
560 3661 725 3710 immutabilis
739 3664 919 3711 testamentum
931 3664 1067 3715 invertere.

168 3729 232 3777 Chm
248 3742 304 3792 ergo
323 3729 481 3779 immutabile
498 3731 531 3778 sit
547 3733 726 3778 testamentum
745 3729 806 3789 boi,
828 3734 904 3779 restat
924 3731 1131 3782 concludendum
1152 3743 1196 3783 nos

138 3809 182 3860 per
195 3797 336 3859 Christum,
351 3802 376 3846 et
388 3811 433 3861 por
444 3796 520 3845 iidem
536 3797 564 3844 in
579 3794 707 3846 Christum
721 3798 853 3858 Justiiioari
867 3835 874 3859 ,
887 3811 938 3847 non
948 3799 1084 3862 perlegam
1097 3801 1193 3863 Moysis.

168 3880 325 3929 Oosiieveiit)
336 3889 453 3928 nonusis.
462 3901 494 3911 —
502 3875 530 3924 ln
547 3875 594 3924 hac
605 3875 648 3925 iiei
664 3879 830 3939 promissione
838 3879 943 3932 Abrahae
954 3880 1034 3943 facto,
1046 3892 1123 3943 quam
1134 3880 1194 3943 spo

134 3947 217 4004 ¹stolus
231 3948 363 4012 supponit,
373 3949 402 3995 ui
416 3947 508 3997 nostre
520 3943 706 4004 lusddootionis
715 3946 813 4012 hmim,
1153 3951 1156 3956 '
