2512 4424
158 269 215 327 aio
458 267 663 323 EPISTOLAE
681 268 731 321 tii
748 261 932 321 diuinis

191 360 760 424 uoneeventretnltustirahe,entprones-
782 363 875 413 Donec
908 357 1019 412 veniret
1044 368 1156 425 wmeu,
1179 352 1221 413 oni

160 433 200 483 sio
211 430 277 482 lacta
295 429 396 490 inerat,
409 442 453 497 seu
467 441 511 491 per
521 441 598 490 quem
608 427 760 489 genteshae-
783 438 961 504 promam

160 499 295 553 reditatem
306 497 412 548 Abrabae
422 498 573 560 promissam
589 500 662 547 erant
674 508 761 556 recep-

160 570 244 628 turu3
258 579 316 629 ergo
337 566 369 616 ad
382 570 483 627 tempus
496 564 597 614 tantum
608 582 615 613 s
628 565 760 627 promissio

161 639 248 687 entem
266 635 322 685 eine
338 633 509 693 limitatione,
528 644 608 695 usque
626 632 660 681 nd
683 633 761 681 tinem

160 704 252 754 mundi
271 706 299 754 in
317 703 435 753 omnibns
453 703 569 763 gentibus
589 700 760 763 adimplenda.

191 772 237 823 Per
250 777 350 823 sanctos
364 773 408 821 liei
421 771 522 832 angelos
531 770 571 821 ies
581 771 639 820 data
649 776 703 820 est:
715 783 762 820 an·
784 771 916 827 Ordinato
924 784 976 839 per
987 771 1117 841 angelos,

160 839 230 904 gelus
242 842 311 890 enim
329 839 371 890 liei
385 852 520 902 personam
538 852 639 900 gerens,
656 839 701 887 bei
712 851 761 887 no·

160 911 231 961 mine
242 908 439 971 pronuntiabat:
452 908 521 958 bunc
534 912 621 957 antem
630 906 674 956 alil
686 907 760 976 multi

161 978 361 1038 nominantur,
373 981 403 1027 ut
411 976 494 1038 colligi
502 978 584 1039 potest
593 988 624 1025 ex
631 975 704 1025 lleut.
716 978 759 1037 aa,

161 1048 191 1108 2,
203 1049 229 1096 et
239 1045 294 1097 bct.
307 1049 333 1096 i.

189 1222 227 1277 ti
245 1224 368 1284 malorem
381 1220 459 1281 buius
471 1220 684 1282 interpretationis
696 1219 905 1282 intelligentiam,
917 1222 977 1271 nota
990 1219 1059 1282 qaod
1067 1220 1173 1284 populns
1182 1219 1213 1270 is-

160 1292 285 1342 raeliticus
299 1303 345 1339 suo
359 1289 426 1353 apud
439 1288 568 1350 AEgyptios
579 1287 722 1339 idololatras
732 1289 843 1343 incolatu
857 1294 882 1340 et
898 1293 1020 1340 continno
1034 1289 1212 1341 temnerent

159 1359 256 1413 deiibns
272 1360 424 1408 commercio
435 1394 443 1417 ,
454 1357 517 1406 siet
530 1359 632 1416 patrum
642 1369 746 1407 suoram
757 1358 919 1420 simplicitate
932 1357 1139 1420 declinaverant,
1152 1363 1178 1409 nt
1191 1361 1210 1408 in

158 1427 278 1495 pleraque
288 1431 392 1490 peccata
407 1425 530 1487 AEgyptiis
543 1426 687 1474 communia
700 1426 899 1491 prolaberentur.

189 1497 253 1546 ilinc
269 1495 330 1557 logis
347 1497 500 1552 necessitas,
512 1505 569 1554 qua
581 1494 662 1556 punis
673 1498 699 1544 et
710 1499 806 1547 terrore
819 1509 862 1546 eos
872 1496 904 1547 ab
915 1496 961 1557 bn]
965 1496 1065 1547 asmodi
1075 1499 1145 1549 ritiis
1153 1509 1210 1551 coer·

159 1569 236 1615 curet.
578 1597 587 1614 .

190 1634 234 1683 lta
245 1633 357 1696 plerique
371 1632 498 1693 corrupti,
513 1634 542 1680 nt
553 1634 578 1680 et
592 1633 717 1692 justitiam
732 1635 875 1697 nescirent,
887 1638 912 1684 et
923 1633 1006 1685 multa
1021 1640 1125 1699 peecata
1137 1638 1208 1698 patra·

158 1708 216 1753 rent
231 1705 327 1765 ignari.

187 1772 252 1823 ilinc
266 1773 325 1834 legis
337 1771 488 1830 necessitas,
501 1778 558 1831 qum
572 1771 676 1834 peccata
687 1767 841 1831 decuteret,
854 1778 980 1835 argueret.
996 1773 1063 1825 Audi
1078 1774 1127 1825 bne
1145 1773 1175 1824 de
1188 1781 1209 1822 re

157 1841 188 1890 l).
199 1843 407 1905 chrysostomum
420 1852 428 1887 s

187 1911 312 1974 Quoniam
325 1911 404 1961 ludat
422 1921 454 1959 ne
463 1905 605 1958 sentiebant
616 1906 719 1968 nitidem
730 1919 776 1958 sna
787 1913 890 1972 moesta
899 1929 908 1971 ;
918 1923 970 1961 uon
986 1913 1124 1963 sentientes
1135 1914 1208 1963 anun

157 1993 205 2032 nec
222 1980 397 2032 desiderabant
417 1978 591 2028 remissionem
606 1976 695 2026 zdedit
714 1978 780 2027 bens
792 1977 876 2041 ,legem
894 1993 951 2042 qun
965 1981 1084 2044 proderet
1102 1981 1207 2039 numera,

156 2065 208 2114 qno
218 2050 348 2101 medicum
361 2052 503 2109 quaterent
514 2065 521 2096 ε
534 2046 563 2094 Ι).
574 2046 767 2108 chrysostomus
778 2050 805 2097 in
819 2063 847 2098 n.
858 2050 897 2099 22.

187 2134 297 2194 Propter
311 2130 515 2192 transgressiones
528 2127 613 2189 aliquo
623 2128 699 2178 modo
709 2128 852 2192 augendae,
869 2133 895 2180 et
908 2129 1067 2194 implendas:
1081 2131 1111 2182 li.
1123 2131 1208 2195 ingos-

156 2204 236 2250 tinns.
1163 2200 1170 2212 “

189 2268 259 2330 Quod
277 2268 351 2317 debet
375 2265 494 2327 intelligi,
515 2279 567 2315 nen
587 2265 728 2327 causative,
746 2267 790 2318 sed
810 2267 984 2328 consecutive,
997 2270 1033 2319 aii
1048 2269 1078 2318 ll.
1098 2270 1207 2328 Thomas,

157 2343 282 2399 qnatenus
290 2373 297 2397 ,
306 2336 364 2386 dati
375 2335 440 2396 lege,
454 2335 592 2384 abundavit
603 2337 689 2385 revera
702 2335 837 2397 delicium,
847 2342 871 2386 et
884 2337 1126 2399 multiplicatorem
1137 2345 1208 2391 trans·

157 2409 311 2468 pressiones,
328 2409 352 2453 et
366 2405 490 2465 qrrnntbm
508 2405 540 2454 ad
555 2418 709 2466 numerum,
726 2418 770 2455 sen
787 2406 994 2467 multitudinem,
1009 2412 1034 2457 et
1047 2409 1172 2469 quanidm
1183 2407 1209 2457 ad

157 2476 242 2526 reatris
250 2478 413 2537 gravitatem,
424 2479 453 2524 ut
463 2475 492 2526 l).
506 2475 615 2525 'lbomus
625 2474 731 2536 explieat
742 2475 797 2535 hie,
808 2479 832 2523 et
843 2475 915 2525 lium.
929 2477 960 2535 i,
974 2490 1001 2526 n.
1011 2479 1053 2527 20.

187 2543 395 2594 Conciliabuntnr
407 2556 464 2605 ergo
475 2543 515 2592 hae
527 2545 745 2605 interpretationes
759 2542 878 2602 diversae,
890 2545 912 2593 si
926 2543 1026 2593 dicatur
1041 2546 1111 2605 qudtl
1128 2546 1167 2597 lex
1176 2546 1209 2595 nt-

156 2613 337 2675 1eetbqnidem
353 2613 410 2663 data
425 2615 459 2662 sit
475 2614 508 2663 ad
521 2612 700 2671 declarandas,
716 2611 870 2672 arguendas,
883 2617 908 2660 et
921 2613 1075 2663 coercendus
1084 2615 1209 2666 bominum

156 2685 364 2744 transgressiones
384 2702 391 2732 ε
409 2683 531 2733 indirecte
550 2683 610 2733 verb
625 2682 668 2732 hic
687 2685 788 2731 secutus
808 2685 845 2730 est
865 2682 983 2740 enectus,
1004 2687 1051 2743 nt,
1070 2685 1130 2735 datii
1148 2687 1209 2748 iege,

155 2752 289 2802 abundarit
300 2751 434 2813 delictum,
446 2757 470 2802 et
482 2751 654 2814 multiplicatio
666 2751 759 2799 inerint
772 2749 906 2798 hominurn
917 2754 1139 2812 transgressiones.

187 2823 214 2872 ld
225 2827 310 2873 autem
322 2823 387 2873 bens
405 2826 550 2884 permittere
567 2823 663 2882 voluit,
674 2824 702 2870 ut
717 2821 776 2881 legis
792 2824 987 2880 transgressores
1001 2821 1209 2883 humiliarentur,

156 2897 181 2942 et
202 2894 324 2955 superbus
342 2905 430 2942 eorum
448 2894 566 2951 animus,
582 2891 735 2941 iniirmiiatis
752 2901 804 2938 snae
818 2891 951 2950 conscius;
971 2891 1124 2954 intelligeret
1140 2895 1210 2957 legent

155 2961 202 3011 sibl
215 2963 248 3010 ad
260 2961 367 3011 salntem
379 2971 431 3009 non
442 2959 568 3018 sufficere;
579 2959 689 3022 hincque
699 2957 798 3006 aviditis
807 2960 930 3017 quaereret
942 2958 1088 3012 Mediatoris
1102 2968 1209 3025 gratiam.

185 3030 299 3091 llineqne
310 3028 445 3080 concludes
455 3027 523 3090 quod
534 3027 572 3077 lex
585 3028 677 3092 populo
689 3026 824 3077 israelitico
834 3026 891 3076 data
899 3029 933 3076 sii
943 3031 970 3077 ut
981 3029 1210 3095 paedagogusnntn

156 3112 183 3148 n.
196 3100 235 3148 ti.
252 3101 296 3159 qui
307 3099 357 3147 duo
368 3097 468 3147 doceret
484 3099 586 3160 ipsum:

185 3167 284 3227 Ριιιιιὸ,
298 3169 343 3228 qui
355 3166 426 3215 illum
443 3166 553 3217 erudiret
571 3169 639 3216 circa
656 3165 753 3215 bonum
770 3165 968 3227 faciendumst
983 3168 1053 3218 circa
1065 3170 1164 3223 malum
1173 3171 1209 3222 ia·

155 3235 292 3298 giendnm;
303 3249 347 3284 seu
361 3237 405 3297 qui
418 3235 518 3286 doceret
529 3235 591 3297 qnid
601 3235 741 3296 agendum,
757 3235 818 3296 quid
829 3248 881 3284 nen
894 3235 1030 3296 agendum.

118 3301 121 3306 ’
186 3305 316 3365 meando,
329 3309 358 3354 ut
376 3306 492 3355 eumdem
514 3305 636 3368 populum
660 3305 760 3354 doceret
777 3307 805 3354 in
822 3304 952 3355 Christum
974 3308 1103 3369 aspicere,
1118 3310 1145 3359 ln
1165 3320 1208 3372 quo

154 3376 332 3438 promissiones
351 3375 457 3427 sorana
468 3375 555 3436 iactae,
570 3372 724 3436 complendae
741 3377 829 3435 ernnt,
846 3378 871 3423 et
890 3373 984 3435 absque
998 3377 1073 3437 cnjus
1092 3380 1170 3439 gratie
1187 3379 1209 3426 et

154 3443 262 3504 auxilio,
274 3457 325 3494 non
337 3444 453 3496 valebant
467 3443 547 3506 legem
559 3443 680 3509 implere,
692 3455 738 3494 uec
749 3443 764 3493 d
774 3446 878 3506 peceato
894 3441 1013 3504 liberari,
1024 3457 1073 3495 nee
1089 3448 1208 3508 iustitiam

153 3511 259 3562 Abrahu
273 3515 422 3575 promissam
439 3512 552 3575 adipisci.

185 3587 265 3636 Donec
278 3587 370 3637 ueniret
380 3600 473 3646 semen,
482 3586 508 3636 id
519 3590 570 3647 est,
579 3585 646 3635 illius
658 3584 764 3643 abraba
772 3586 923 3647 promissus,
934 3597 979 3635 seu
990 3585 1205 3650 (inrideamsunt

153 3654 267 3715 llaglster
278 3658 303 3704 et
315 3654 444 3713 Salvator,
461 3667 505 3718 per
523 3666 599 3715 quem
619 3665 706 3705 omnes
719 3655 834 3709 nationes
844 3654 880 3702 sic
894 3656 967 3703 orant
977 3656 1123 3711 erudiendae
1134 3655 1205 3711 eled-

152 3723 285 3785 iuvanda,
300 3727 327 3775 nt
339 3722 511 3775 hereditatem
522 3721 628 3777 Abrabae
641 3723 793 3784 promissam
807 3724 889 3773 essent
899 3725 1062 3773 assecuturu.

186 3801 308 3850 Ordinato
320 3816 365 3864 per
376 3801 486 3862 capetus.

184 3868 311 3921 umbrato
321 3870 371 3921 tine
390 3867 450 3930 legis
463 3867 581 3930 iiliusnue
591 3867 709 3931 utilitate,
721 3867 814 3920 Panlm
827 3866 924 3932 aliquas
938 3875 1072 3922 enumerat
1082 3871 1143 3936 legis
1152 3873 1200 3924 stn-

155 3937 299 3999 sularitntos
309 3950 353 3989 een
366 3936 533 3991 esmienttee.
