<?xml version="1.0" encoding="UTF-8"?>
<!DOCTYPE html PUBLIC "-//W3C//DTD XHTML 1.0 Transitional//EN"
    "http://www.w3.org/TR/xhtml1/DTD/xhtml1-transitional.dtd">
<html xmlns="http://www.w3.org/1999/xhtml" xml:lang="en" lang="en">
 <head>
  <title>
</title>
<meta http-equiv="Content-Type" content="text/html;charset=utf-8" />
  <meta name='ocr-system' content='tesseract 3.04.00' />
  <meta name='ocr-capabilities' content='ocr_page ocr_carea ocr_par ocr_line ocrx_word'/>
</head>
<body>
  <div class='ocr_page' id='page_1' title='image "./epistolarumbpau01berngoog_0262.png"; bbox 0 0 2512 4424; ppageno 0'>
   <div class='ocr_carea' id='block_1_1' title="bbox 338 219 1164 313">
    <p class='ocr_par' dir='ltr' id='par_1_1' title="bbox 338 219 1164 313">
     <span class='ocr_line' id='line_1_1' title="bbox 338 219 1164 313; baseline 0.013 -23"><span class='ocrx_word' id='word_1_1' title='bbox 338 239 503 297; x_wconf 79' lang='lat' dir='ltr'>rarraax</span> <span class='ocrx_word' id='word_1_2' title='bbox 522 245 742 313; x_wconf 81' lang='lat' dir='ltr'>axrosrrro.</span> <span class='ocrx_word' id='word_1_3' title='bbox 761 246 842 300; x_wconf 77' lang='lat' dir='ltr'>cir.</span> <span class='ocrx_word' id='word_1_4' title='bbox 862 248 911 300; x_wconf 88' lang='lat' dir='ltr'>vr.</span> <span class='ocrx_word' id='word_1_5' title='bbox 1044 219 1048 225; x_wconf 81' lang='grc'><strong>’</strong></span> <span class='ocrx_word' id='word_1_6' title='bbox 1110 246 1164 301; x_wconf 77' lang='lat' dir='ltr'>ecs</span> 
     </span>
    </p>
   </div>
   <div class='ocr_carea' id='block_1_2' title="bbox 102 333 1163 480">
    <p class='ocr_par' dir='ltr' id='par_1_2' title="bbox 102 333 1163 480">
     <span class='ocr_line' id='line_1_2' title="bbox 137 333 1163 403; baseline 0.005 -18"><span class='ocrx_word' id='word_1_7' title='bbox 137 333 165 384; x_wconf 84' lang='grc'>6.</span> <span class='ocrx_word' id='word_1_8' title='bbox 190 333 381 388; x_wconf 77' lang='lat' dir='ltr'>communicet</span> <span class='ocrx_word' id='word_1_9' title='bbox 404 335 543 390; x_wconf 82' lang='lat' dir='ltr'>antemio</span> <span class='ocrx_word' id='word_1_10' title='bbox 596 337 619 387; x_wconf 88' lang='lat' dir='ltr'>is</span> <span class='ocrx_word' id='word_1_11' title='bbox 642 340 684 400; x_wconf 86' lang='lat' dir='ltr'>qni</span> <span class='ocrx_word' id='word_1_12' title='bbox 708 339 812 391; x_wconf 70' lang='lat' dir='ltr'>docetur</span> <span class='ocrx_word' id='word_1_13' title='bbox 833 339 1012 403; x_wconf 78' lang='lat' dir='ltr'>Evangeiinm,</span> <span class='ocrx_word' id='word_1_14' title='bbox 1034 339 1163 390; x_wconf 88' lang='lat' dir='ltr'>doctorem</span> 
     </span>
     <span class='ocr_line' id='line_1_3' title="bbox 102 407 1163 480; baseline 0.005 -26"><span class='ocrx_word' id='word_1_15' title='bbox 102 409 152 474; x_wconf 83' lang='lat' dir='ltr'>qui</span> <span class='ocrx_word' id='word_1_16' title='bbox 163 411 347 464; x_wconf 66' lang='lat' dir='ltr'>catechizatur</span> <span class='ocrx_word' id='word_1_17' title='bbox 358 413 444 466; x_wconf 61' lang='lat' dir='ltr'>verbo</span> <span class='ocrx_word' id='word_1_18' title='bbox 456 414 482 466; x_wconf 69' lang='lat' dir='ltr'>et</span> <span class='ocrx_word' id='word_1_19' title='bbox 494 414 543 480; x_wconf 73' lang='lat' dir='ltr'>qui</span> <span class='ocrx_word' id='word_1_20' title='bbox 565 420 640 455; x_wconf 90' lang='lat' dir='ltr'>snum</span> <span class='ocrx_word' id='word_1_21' title='bbox 659 407 689 456; x_wconf 91' lang='lat' dir='ltr'>de</span> <span class='ocrx_word' id='word_1_22' title='bbox 705 411 822 460; x_wconf 88' lang='lat' dir='ltr'>omnibus</span> <span class='ocrx_word' id='word_1_23' title='bbox 832 413 885 461; x_wconf 89' lang='lat' dir='ltr'>suis</span> <span class='ocrx_word' id='word_1_24' title='bbox 897 409 1077 474; x_wconf 81' lang='lat' dir='ltr'><strong>temporalibus</strong></span> <span class='ocrx_word' id='word_1_25' title='bbox 1089 410 1163 460; x_wconf 79' lang='lat' dir='ltr'>ivonis</span> 
     </span>
    </p>
   </div>
   <div class='ocr_carea' id='block_1_3' title="bbox 100 475 810 618">
    <p class='ocr_par' dir='ltr' id='par_1_3' title="bbox 100 475 810 618">
     <span class='ocr_line' id='line_1_4' title="bbox 101 475 810 576; baseline 0 -37"><span class='ocrx_word' id='word_1_26' title='bbox 101 486 307 576; x_wconf 80' lang='lat' dir='ltr'>secatechizat,</span> <span class='ocrx_word' id='word_1_27' title='bbox 317 488 346 540; x_wconf 92' lang='lat' dir='ltr'>in</span> <span class='ocrx_word' id='word_1_28' title='bbox 356 489 543 543; x_wconf 81' lang='lat' dir='ltr'>omnibusbo</span> <span class='ocrx_word' id='word_1_29' title='bbox 565 475 640 526; x_wconf 52' lang='lat' dir='ltr'>&amp;¹⁰¹²st</span> <span class='ocrx_word' id='word_1_30' title='bbox 653 478 810 540; x_wconf 65' lang='lat' dir='ltr'>llflrssssliiem·</span> 
     </span>
     <span class='ocr_line' id='line_1_5' title="bbox 100 576 155 618; baseline 0.036 -2"><span class='ocrx_word' id='word_1_31' title='bbox 100 576 155 618; x_wconf 90' lang='lat' dir='ltr'>ms.</span> 
     </span>
    </p>
   </div>
   <div class='ocr_carea' id='block_1_4' title="bbox 92 731 1163 3081">
    <p class='ocr_par' dir='ltr' id='par_1_4' title="bbox 97 731 1163 1001">
     <span class='ocr_line' id='line_1_6' title="bbox 131 731 1162 801; baseline 0.008 -22"><span class='ocrx_word' id='word_1_32' title='bbox 131 731 231 791; x_wconf 82' lang='lat' dir='ltr'>Tertio,</span> <span class='ocrx_word' id='word_1_33' title='bbox 250 731 369 782; x_wconf 88' lang='lat' dir='ltr'>debemus</span> <span class='ocrx_word' id='word_1_34' title='bbox 388 738 450 783; x_wconf 92' lang='lat' dir='ltr'>tunc</span> <span class='ocrx_word' id='word_1_35' title='bbox 470 732 624 784; x_wconf 83' lang='lat' dir='ltr'>infirmitatis</span> <span class='ocrx_word' id='word_1_36' title='bbox 642 741 733 785; x_wconf 79' lang='lat' dir='ltr'>nostre</span> <span class='ocrx_word' id='word_1_37' title='bbox 751 746 875 785; x_wconf 82' lang='lat' dir='ltr'><strong>memores</strong></span> <span class='ocrx_word' id='word_1_38' title='bbox 889 747 942 786; x_wconf 89' lang='lat' dir='ltr'>esso</span> <span class='ocrx_word' id='word_1_39' title='bbox 959 739 985 786; x_wconf 88' lang='lat' dir='ltr'>et</span> <span class='ocrx_word' id='word_1_40' title='bbox 997 739 1162 801; x_wconf 85' lang='lat' dir='ltr'>nosmetipsos</span> 
     </span>
     <span class='ocr_line' id='line_1_7' title="bbox 98 802 1162 868; baseline 0.006 -18"><span class='ocrx_word' id='word_1_41' title='bbox 98 802 298 862; x_wconf 83' lang='lat' dir='ltr'>circumquaque</span> <span class='ocrx_word' id='word_1_42' title='bbox 316 804 474 866; x_wconf 78' lang='lat' dir='ltr'>conspicere,</span> <span class='ocrx_word' id='word_1_43' title='bbox 494 805 559 853; x_wconf 88' lang='lat' dir='ltr'>circa</span> <span class='ocrx_word' id='word_1_44' title='bbox 578 807 733 866; x_wconf 78' lang='lat' dir='ltr'>preteritum</span> <span class='ocrx_word' id='word_1_45' title='bbox 750 823 756 853; x_wconf 75' lang='lat' dir='ltr'>e</span> <span class='ocrx_word' id='word_1_46' title='bbox 773 817 836 853; x_wconf 90' lang='lat' dir='ltr'>num</span> <span class='ocrx_word' id='word_1_47' title='bbox 852 817 896 866; x_wconf 74' lang='lat' dir='ltr'>ego</span> <span class='ocrx_word' id='word_1_48' title='bbox 909 807 962 866; x_wconf 88' lang='lat' dir='ltr'>ipsa</span> <span class='ocrx_word' id='word_1_49' title='bbox 975 804 1025 855; x_wconf 83' lang='lat' dir='ltr'>tela</span> <span class='ocrx_word' id='word_1_50' title='bbox 1040 807 1101 868; x_wconf 87' lang='lat' dir='ltr'>quid</span> <span class='ocrx_word' id='word_1_51' title='bbox 1114 807 1162 858; x_wconf 84' lang='lat' dir='ltr'>ieci</span> 
     </span>
     <span class='ocr_line' id='line_1_8' title="bbox 97 869 1163 934; baseline 0.008 -16"><span class='ocrx_word' id='word_1_52' title='bbox 97 869 256 931; x_wconf 73' lang='lat' dir='ltr'>aliqnando?</span> <span class='ocrx_word' id='word_1_53' title='bbox 267 872 334 921; x_wconf 90' lang='lat' dir='ltr'>circa</span> <span class='ocrx_word' id='word_1_54' title='bbox 345 884 454 934; x_wconf 81' lang='lat' dir='ltr'>presens</span> <span class='ocrx_word' id='word_1_55' title='bbox 466 890 472 920; x_wconf 72' lang='grc' dir='ltr'><strong>ι</strong></span> <span class='ocrx_word' id='word_1_56' title='bbox 486 885 548 920; x_wconf 92' lang='lat' dir='ltr'>uum</span> <span class='ocrx_word' id='word_1_57' title='bbox 560 876 585 919; x_wconf 89' lang='lat' dir='ltr'>ei</span> <span class='ocrx_word' id='word_1_58' title='bbox 596 884 665 920; x_wconf 92' lang='lat' dir='ltr'>nunc</span> <span class='ocrx_word' id='word_1_59' title='bbox 678 873 705 920; x_wconf 88' lang='lat' dir='ltr'>in</span> <span class='ocrx_word' id='word_1_60' title='bbox 715 871 775 930; x_wconf 87' lang='lat' dir='ltr'>tali,</span> <span class='ocrx_word' id='word_1_61' title='bbox 788 875 833 920; x_wconf 88' lang='lat' dir='ltr'>oui</span> <span class='ocrx_word' id='word_1_62' title='bbox 842 871 919 922; x_wconf 90' lang='lat' dir='ltr'>simili</span> <span class='ocrx_word' id='word_1_63' title='bbox 935 886 992 922; x_wconf 90' lang='lat' dir='ltr'>sum</span> <span class='ocrx_word' id='word_1_64' title='bbox 1003 876 1084 925; x_wconf 74' lang='lat' dir='ltr'>vitio?</span> <span class='ocrx_word' id='word_1_65' title='bbox 1095 879 1163 927; x_wconf 87' lang='lat' dir='ltr'>circo</span> 
     </span>
     <span class='ocr_line' id='line_1_9' title="bbox 97 937 856 1001; baseline 0.003 -13"><span class='ocrx_word' id='word_1_66' title='bbox 97 937 216 989; x_wconf 80' lang='lat' dir='ltr'>futurum</span> <span class='ocrx_word' id='word_1_67' title='bbox 227 953 234 988; x_wconf 74' lang='grc' dir='ltr'><strong><em>ε</em></strong></span> <span class='ocrx_word' id='word_1_68' title='bbox 247 941 305 1001; x_wconf 83' lang='lat' dir='ltr'>quic</span> <span class='ocrx_word' id='word_1_69' title='bbox 317 941 347 989; x_wconf 86' lang='lat' dir='ltr'>de</span> <span class='ocrx_word' id='word_1_70' title='bbox 357 952 399 989; x_wconf 87' lang='lat' dir='ltr'>me</span> <span class='ocrx_word' id='word_1_71' title='bbox 411 940 481 990; x_wconf 90' lang='lat' dir='ltr'>deret</span> <span class='ocrx_word' id='word_1_72' title='bbox 495 940 626 989; x_wconf 89' lang='lat' dir='ltr'>in&#39;iisdem</span> <span class='ocrx_word' id='word_1_73' title='bbox 639 943 856 990; x_wconf 70' lang='lat' dir='ltr'>circumstantiis?</span> 
     </span>
    </p>

    <p class='ocr_par' dir='ltr' id='par_1_5' title="bbox 97 1007 1161 1138">
     <span class='ocr_line' id='line_1_10' title="bbox 128 1007 1161 1072; baseline 0.006 -16"><span class='ocrx_word' id='word_1_74' title='bbox 128 1007 201 1057; x_wconf 83' lang='lat' dir='ltr'>&#39;iimo</span> <span class='ocrx_word' id='word_1_75' title='bbox 212 1008 243 1056; x_wconf 89' lang='lat' dir='ltr'>ob</span> <span class='ocrx_word' id='word_1_76' title='bbox 259 1008 418 1070; x_wconf 81' lang='lat' dir='ltr'>fragilitatem</span> <span class='ocrx_word' id='word_1_77' title='bbox 432 1013 520 1067; x_wconf 84' lang='lat' dir='ltr'>tunm;</span> <span class='ocrx_word' id='word_1_78' title='bbox 533 1022 564 1058; x_wconf 84' lang='lat' dir='ltr'>ne</span> <span class='ocrx_word' id='word_1_79' title='bbox 574 1014 596 1057; x_wconf 85' lang='lat' dir='ltr'>et</span> <span class='ocrx_word' id='word_1_80' title='bbox 609 1015 637 1058; x_wconf 79' lang='lat' dir='ltr'>tn</span> <span class='ocrx_word' id='word_1_81' title='bbox 653 1009 751 1058; x_wconf 81' lang='lat' dir='ltr'>tenteris</span> <span class='ocrx_word' id='word_1_82' title='bbox 763 1029 772 1057; x_wconf 93' lang='grc'>.·</span> <span class='ocrx_word' id='word_1_83' title='bbox 783 1008 826 1058; x_wconf 89' lang='lat' dir='ltr'>ilio</span> <span class='ocrx_word' id='word_1_84' title='bbox 836 1009 927 1068; x_wconf 88' lang='lat' dir='ltr'>hodia,</span> <span class='ocrx_word' id='word_1_85' title='bbox 939 1023 984 1072; x_wconf 79' lang='lat' dir='ltr'>ego</span> <span class='ocrx_word' id='word_1_86' title='bbox 997 1025 1068 1072; x_wconf 88' lang='lat' dir='ltr'>cras,</span> <span class='ocrx_word' id='word_1_87' title='bbox 1079 1013 1161 1062; x_wconf 87' lang='lat' dir='ltr'>aiebat</span> 
     </span>
     <span class='ocr_line' id='line_1_11' title="bbox 97 1077 313 1138; baseline 0 -10"><span class='ocrx_word' id='word_1_88' title='bbox 97 1080 219 1138; x_wconf 80' lang='lat' dir='ltr'>antiquus</span> <span class='ocrx_word' id='word_1_89' title='bbox 232 1077 313 1128; x_wconf 86' lang='lat' dir='ltr'>Pater.</span> 
     </span>
    </p>

    <p class='ocr_par' dir='ltr' id='par_1_6' title="bbox 98 1145 1162 1277">
     <span class='ocr_line' id='line_1_12' title="bbox 127 1145 1162 1210; baseline 0.005 -15"><span class='ocrx_word' id='word_1_90' title='bbox 127 1145 234 1196; x_wconf 77' lang='lat' dir='ltr'>obnoxii</span> <span class='ocrx_word' id='word_1_91' title='bbox 245 1160 334 1197; x_wconf 90' lang='lat' dir='ltr'>sumus</span> <span class='ocrx_word' id='word_1_92' title='bbox 346 1145 436 1196; x_wconf 86' lang='lat' dir='ltr'>iisdem</span> <span class='ocrx_word' id='word_1_93' title='bbox 446 1146 641 1202; x_wconf 84' lang='lat' dir='ltr'>tentationibus,</span> <span class='ocrx_word' id='word_1_94' title='bbox 651 1149 676 1195; x_wconf 91' lang='lat' dir='ltr'>et</span> <span class='ocrx_word' id='word_1_95' title='bbox 685 1145 762 1194; x_wconf 88' lang='lat' dir='ltr'>simili</span> <span class='ocrx_word' id='word_1_96' title='bbox 773 1145 845 1207; x_wconf 88' lang='lat' dir='ltr'>lapsu</span> <span class='ocrx_word' id='word_1_97' title='bbox 856 1146 921 1209; x_wconf 79' lang='lat' dir='ltr'>sepe</span> <span class='ocrx_word' id='word_1_98' title='bbox 930 1147 995 1196; x_wconf 85' lang='lat' dir='ltr'>Dens</span> <span class='ocrx_word' id='word_1_99' title='bbox 1003 1149 1078 1210; x_wconf 87' lang='lat' dir='ltr'>punit</span> <span class='ocrx_word' id='word_1_100' title='bbox 1086 1148 1162 1200; x_wconf 84' lang='lat' dir='ltr'>duros</span> 
     </span>
     <span class='ocr_line' id='line_1_13' title="bbox 98 1213 870 1277; baseline 0.001 -14"><span class='ocrx_word' id='word_1_101' title='bbox 98 1217 123 1264; x_wconf 87' lang='lat' dir='ltr'>et</span> <span class='ocrx_word' id='word_1_102' title='bbox 133 1214 307 1266; x_wconf 83' lang='lat' dir='ltr'>inclementes.</span> <span class='ocrx_word' id='word_1_103' title='bbox 320 1215 381 1265; x_wconf 80' lang='lat' dir='ltr'>l&#39;ida</span> <span class='ocrx_word' id='word_1_104' title='bbox 391 1215 503 1277; x_wconf 81' lang='lat' dir='ltr'>exempla</span> <span class='ocrx_word' id='word_1_105' title='bbox 514 1214 582 1277; x_wconf 93' lang='lat' dir='ltr'>npnd</span> <span class='ocrx_word' id='word_1_106' title='bbox 592 1213 736 1264; x_wconf 89' lang='lat' dir='ltr'>Cornelium</span> <span class='ocrx_word' id='word_1_107' title='bbox 745 1217 760 1264; x_wconf 77' lang='lat' dir='ltr'>l</span> <span class='ocrx_word' id='word_1_108' title='bbox 769 1214 870 1277; x_wconf 83' lang='lat' dir='ltr'>Lepide.</span> 
     </span>
    </p>

    <p class='ocr_par' dir='ltr' id='par_1_7' title="bbox 97 1283 1161 1418">
     <span class='ocr_line' id='line_1_14' title="bbox 126 1283 1161 1347; baseline 0.004 -15"><span class='ocrx_word' id='word_1_109' title='bbox 126 1284 320 1334; x_wconf 87' lang='lat' dir='ltr'>iiisericorditer</span> <span class='ocrx_word' id='word_1_110' title='bbox 333 1298 390 1347; x_wconf 81' lang='lat' dir='ltr'>ergo</span> <span class='ocrx_word' id='word_1_111' title='bbox 404 1287 525 1335; x_wconf 89' lang='lat' dir='ltr'>correctio</span> <span class='ocrx_word' id='word_1_112' title='bbox 536 1283 665 1343; x_wconf 85' lang='lat' dir='ltr'>facienda,</span> <span class='ocrx_word' id='word_1_113' title='bbox 677 1288 773 1333; x_wconf 88' lang='lat' dir='ltr'>etcum</span> <span class='ocrx_word' id='word_1_114' title='bbox 787 1283 930 1335; x_wconf 84' lang='lat' dir='ltr'>humililate</span> <span class='ocrx_word' id='word_1_115' title='bbox 942 1287 1025 1336; x_wconf 89' lang='lat' dir='ltr'>omnis</span> <span class='ocrx_word' id='word_1_116' title='bbox 1043 1285 1161 1346; x_wconf 88' lang='lat' dir='ltr'>durities,</span> 
     </span>
     <span class='ocr_line' id='line_1_15' title="bbox 97 1355 793 1418; baseline 0 -16"><span class='ocrx_word' id='word_1_117' title='bbox 97 1365 169 1414; x_wconf 90' lang='lat' dir='ltr'>acor,</span> <span class='ocrx_word' id='word_1_118' title='bbox 187 1359 232 1404; x_wconf 84' lang='lat' dir='ltr'>arri</span> <span class='ocrx_word' id='word_1_119' title='bbox 247 1355 363 1418; x_wconf 86' lang='lat' dir='ltr'>snperbia</span> <span class='ocrx_word' id='word_1_120' title='bbox 377 1359 437 1403; x_wconf 88' lang='lat' dir='ltr'>suni</span> <span class='ocrx_word' id='word_1_121' title='bbox 450 1355 562 1403; x_wconf 81' lang='lat' dir='ltr'>vitanda.</span> <span class='ocrx_word' id='word_1_122' title='bbox 791 1407 793 1410; x_wconf 50' lang='grc'>,</span> 
     </span>
    </p>

    <p class='ocr_par' dir='ltr' id='par_1_8' title="bbox 94 1422 1162 1836">
     <span class='ocr_line' id='line_1_16' title="bbox 127 1422 1162 1486; baseline 0.003 -13"><span class='ocrx_word' id='word_1_123' title='bbox 127 1422 238 1484; x_wconf 80' lang='lat' dir='ltr'>Quarto,</span> <span class='ocrx_word' id='word_1_124' title='bbox 251 1437 315 1474; x_wconf 92' lang='lat' dir='ltr'>onus</span> <span class='ocrx_word' id='word_1_125' title='bbox 327 1424 422 1474; x_wconf 91' lang='lat' dir='ltr'>intirmi</span> <span class='ocrx_word' id='word_1_126' title='bbox 432 1424 544 1485; x_wconf 80' lang='lat' dir='ltr'>bajulare</span> <span class='ocrx_word' id='word_1_127' title='bbox 558 1423 895 1484; x_wconf 78' lang='lat' dir='ltr'>debemus‚sicntdhr1stus</span> <span class='ocrx_word' id='word_1_128' title='bbox 908 1423 1040 1485; x_wconf 80' lang='lat' dir='ltr'>languores</span> <span class='ocrx_word' id='word_1_129' title='bbox 1052 1425 1124 1486; x_wconf 89' lang='lat' dir='ltr'>tulit,</span> <span class='ocrx_word' id='word_1_130' title='bbox 1137 1430 1162 1476; x_wconf 88' lang='lat' dir='ltr'>et</span> 
     </span>
     <span class='ocr_line' id='line_1_17' title="bbox 97 1491 1162 1555; baseline 0.003 -14"><span class='ocrx_word' id='word_1_131' title='bbox 97 1491 195 1542; x_wconf 89' lang='lat' dir='ltr'>dolores</span> <span class='ocrx_word' id='word_1_132' title='bbox 206 1497 305 1541; x_wconf 89' lang='lat' dir='ltr'>nostros</span> <span class='ocrx_word' id='word_1_133' title='bbox 316 1493 369 1554; x_wconf 89' lang='lat' dir='ltr'>ipse</span> <span class='ocrx_word' id='word_1_134' title='bbox 378 1493 502 1554; x_wconf 88' lang='lat' dir='ltr'>portavit;</span> <span class='ocrx_word' id='word_1_135' title='bbox 514 1491 602 1551; x_wconf 88' lang='lat' dir='ltr'>idest,</span> <span class='ocrx_word' id='word_1_136' title='bbox 612 1493 678 1542; x_wconf 90' lang='lat' dir='ltr'>sicut</span> <span class='ocrx_word' id='word_1_137' title='bbox 689 1496 790 1555; x_wconf 86' lang='lat' dir='ltr'>peccata</span> <span class='ocrx_word' id='word_1_138' title='bbox 803 1496 888 1541; x_wconf 87' lang='lat' dir='ltr'>nostra</span> <span class='ocrx_word' id='word_1_139' title='bbox 897 1497 922 1541; x_wconf 88' lang='lat' dir='ltr'>et</span> <span class='ocrx_word' id='word_1_140' title='bbox 932 1498 1092 1554; x_wconf 86' lang='lat' dir='ltr'>peccatorum</span> <span class='ocrx_word' id='word_1_141' title='bbox 1103 1507 1162 1544; x_wconf 84' lang='lat' dir='ltr'>nos-</span> 
     </span>
     <span class='ocr_line' id='line_1_18' title="bbox 95 1560 1161 1626; baseline 0.002 -15"><span class='ocrx_word' id='word_1_142' title='bbox 95 1567 195 1611; x_wconf 86' lang='lat' dir='ltr'>trornm</span> <span class='ocrx_word' id='word_1_143' title='bbox 209 1573 295 1623; x_wconf 78' lang='lat' dir='ltr'>poenas</span> <span class='ocrx_word' id='word_1_144' title='bbox 307 1563 334 1609; x_wconf 94' lang='lat' dir='ltr'>in</span> <span class='ocrx_word' id='word_1_145' title='bbox 348 1573 374 1610; x_wconf 89' lang='lat' dir='ltr'>se</span> <span class='ocrx_word' id='word_1_146' title='bbox 385 1562 495 1623; x_wconf 82' lang='lat' dir='ltr'>suscepit</span> <span class='ocrx_word' id='word_1_147' title='bbox 507 1560 629 1621; x_wconf 87' lang='lat' dir='ltr'>luendas,</span> <span class='ocrx_word' id='word_1_148' title='bbox 641 1565 667 1610; x_wconf 87' lang='lat' dir='ltr'>et</span> <span class='ocrx_word' id='word_1_149' title='bbox 676 1563 763 1610; x_wconf 78' lang='lat' dir='ltr'>reveri</span> <span class='ocrx_word' id='word_1_150' title='bbox 774 1561 822 1610; x_wconf 93' lang='lat' dir='ltr'>luit</span> <span class='ocrx_word' id='word_1_151' title='bbox 835 1565 861 1611; x_wconf 89' lang='lat' dir='ltr'>et</span> <span class='ocrx_word' id='word_1_152' title='bbox 877 1564 1003 1624; x_wconf 85' lang='lat' dir='ltr'>expiavit,</span> <span class='ocrx_word' id='word_1_153' title='bbox 1018 1565 1055 1612; x_wconf 94' lang='lat' dir='ltr'>sic</span> <span class='ocrx_word' id='word_1_154' title='bbox 1071 1576 1161 1626; x_wconf 84' lang='lat' dir='ltr'>pecca-</span> 
     </span>
     <span class='ocr_line' id='line_1_19' title="bbox 95 1633 1161 1696; baseline 0.004 -16"><span class='ocrx_word' id='word_1_155' title='bbox 95 1636 182 1681; x_wconf 91' lang='lat' dir='ltr'>torum</span> <span class='ocrx_word' id='word_1_156' title='bbox 190 1643 267 1682; x_wconf 86' lang='lat' dir='ltr'>onera</span> <span class='ocrx_word' id='word_1_157' title='bbox 276 1634 405 1693; x_wconf 88' lang='lat' dir='ltr'>portemus</span> <span class='ocrx_word' id='word_1_158' title='bbox 412 1643 457 1694; x_wconf 89' lang='lat' dir='ltr'>per</span> <span class='ocrx_word' id='word_1_159' title='bbox 466 1633 680 1692; x_wconf 88' lang='lat' dir='ltr'>compassionem,</span> <span class='ocrx_word' id='word_1_160' title='bbox 690 1644 736 1693; x_wconf 89' lang='lat' dir='ltr'>per</span> <span class='ocrx_word' id='word_1_161' title='bbox 744 1633 949 1692; x_wconf 89' lang='lat' dir='ltr'>instructionem,</span> <span class='ocrx_word' id='word_1_162' title='bbox 959 1645 1003 1695; x_wconf 86' lang='lat' dir='ltr'>per</span> <span class='ocrx_word' id='word_1_163' title='bbox 1011 1636 1161 1696; x_wconf 81' lang='lat' dir='ltr'>orationem,</span> 
     </span>
     <span class='ocr_line' id='line_1_20' title="bbox 94 1700 1161 1766; baseline 0.004 -16"><span class='ocrx_word' id='word_1_164' title='bbox 94 1712 140 1764; x_wconf 87' lang='lat' dir='ltr'>per</span> <span class='ocrx_word' id='word_1_165' title='bbox 149 1705 312 1764; x_wconf 81' lang='lat' dir='ltr'>poenitentias</span> <span class='ocrx_word' id='word_1_166' title='bbox 320 1713 365 1763; x_wconf 90' lang='lat' dir='ltr'>pro</span> <span class='ocrx_word' id='word_1_167' title='bbox 373 1703 433 1764; x_wconf 87' lang='lat' dir='ltr'>ipsis</span> <span class='ocrx_word' id='word_1_168' title='bbox 442 1700 519 1749; x_wconf 88' lang='lat' dir='ltr'>iactas</span> <span class='ocrx_word' id='word_1_169' title='bbox 530 1719 536 1749; x_wconf 75' lang='grc' dir='ltr'>ι</span> <span class='ocrx_word' id='word_1_170' title='bbox 547 1701 635 1749; x_wconf 73' lang='lat' dir='ltr'>ethaeo</span> <span class='ocrx_word' id='word_1_171' title='bbox 645 1701 678 1749; x_wconf 86' lang='lat' dir='ltr'>ad</span> <span class='ocrx_word' id='word_1_172' title='bbox 689 1703 857 1751; x_wconf 88' lang='lat' dir='ltr'>imitationem</span> <span class='ocrx_word' id='word_1_173' title='bbox 866 1700 968 1762; x_wconf 84' lang='lat' dir='ltr'>Christi,</span> <span class='ocrx_word' id='word_1_174' title='bbox 980 1706 1024 1765; x_wconf 90' lang='lat' dir='ltr'>qni</span> <span class='ocrx_word' id='word_1_175' title='bbox 1032 1716 1078 1766; x_wconf 90' lang='lat' dir='ltr'>pro</span> <span class='ocrx_word' id='word_1_176' title='bbox 1089 1705 1161 1754; x_wconf 85' lang='lat' dir='ltr'>uobis</span> 
     </span>
     <span class='ocr_line' id='line_1_21' title="bbox 95 1773 776 1836; baseline -0.004 -14"><span class='ocrx_word' id='word_1_177' title='bbox 95 1775 193 1831; x_wconf 89' lang='lat' dir='ltr'>oravit,</span> <span class='ocrx_word' id='word_1_178' title='bbox 204 1775 379 1836; x_wconf 76' lang='lat' dir='ltr'>poenitentiam</span> <span class='ocrx_word' id='word_1_179' title='bbox 389 1775 453 1833; x_wconf 82' lang='lat' dir='ltr'>egit,</span> <span class='ocrx_word' id='word_1_180' title='bbox 468 1784 556 1833; x_wconf 84' lang='lat' dir='ltr'>passus</span> <span class='ocrx_word' id='word_1_181' title='bbox 568 1775 593 1819; x_wconf 88' lang='lat' dir='ltr'>et</span> <span class='ocrx_word' id='word_1_182' title='bbox 603 1775 719 1820; x_wconf 92' lang='lat' dir='ltr'>mortuus</span> <span class='ocrx_word' id='word_1_183' title='bbox 730 1773 776 1819; x_wconf 85' lang='lat' dir='ltr'>est.</span> 
     </span>
    </p>

    <p class='ocr_par' dir='ltr' id='par_1_9' title="bbox 93 1838 1161 2042">
     <span class='ocr_line' id='line_1_22' title="bbox 126 1838 1160 1903; baseline -0.002 -11"><span class='ocrx_word' id='word_1_184' title='bbox 126 1842 199 1892; x_wconf 89' lang='lat' dir='ltr'>Sicut</span> <span class='ocrx_word' id='word_1_185' title='bbox 210 1844 253 1903; x_wconf 86' lang='lat' dir='ltr'>qui</span> <span class='ocrx_word' id='word_1_186' title='bbox 260 1843 406 1902; x_wconf 82' lang='lat' dir='ltr'>iumentum</span> <span class='ocrx_word' id='word_1_187' title='bbox 422 1841 469 1889; x_wconf 87' lang='lat' dir='ltr'>sub</span> <span class='ocrx_word' id='word_1_188' title='bbox 480 1852 556 1890; x_wconf 91' lang='lat' dir='ltr'>onere</span> <span class='ocrx_word' id='word_1_189' title='bbox 567 1838 666 1900; x_wconf 88' lang='lat' dir='ltr'>lapsum</span> <span class='ocrx_word' id='word_1_190' title='bbox 678 1840 733 1888; x_wconf 89' lang='lat' dir='ltr'>vult</span> <span class='ocrx_word' id='word_1_191' title='bbox 746 1841 856 1901; x_wconf 78' lang='lat' dir='ltr'>erigere,</span> <span class='ocrx_word' id='word_1_192' title='bbox 866 1838 935 1889; x_wconf 88' lang='lat' dir='ltr'>illins</span> <span class='ocrx_word' id='word_1_193' title='bbox 946 1853 1010 1890; x_wconf 86' lang='lat' dir='ltr'>onus</span> <span class='ocrx_word' id='word_1_194' title='bbox 1020 1841 1035 1889; x_wconf 85' lang='lat' dir='ltr'>d</span> <span class='ocrx_word' id='word_1_195' title='bbox 1045 1843 1160 1901; x_wconf 82' lang='lat' dir='ltr'>iumento</span> 
     </span>
     <span class='ocr_line' id='line_1_23' title="bbox 95 1907 1161 1972; baseline -0.001 -12"><span class='ocrx_word' id='word_1_196' title='bbox 95 1910 206 1960; x_wconf 82' lang='lat' dir='ltr'>devolvit</span> <span class='ocrx_word' id='word_1_197' title='bbox 217 1914 242 1959; x_wconf 89' lang='lat' dir='ltr'>et</span> <span class='ocrx_word' id='word_1_198' title='bbox 254 1913 319 1959; x_wconf 89' lang='lat' dir='ltr'>inter</span> <span class='ocrx_word' id='word_1_199' title='bbox 330 1910 434 1960; x_wconf 85' lang='lat' dir='ltr'>brachia</span> <span class='ocrx_word' id='word_1_200' title='bbox 445 1922 491 1958; x_wconf 87' lang='lat' dir='ltr'>sua</span> <span class='ocrx_word' id='word_1_201' title='bbox 503 1911 622 1972; x_wconf 86' lang='lat' dir='ltr'>suscipit,</span> <span class='ocrx_word' id='word_1_202' title='bbox 635 1912 664 1957; x_wconf 88' lang='lat' dir='ltr'>ut</span> <span class='ocrx_word' id='word_1_203' title='bbox 673 1908 706 1957; x_wconf 89' lang='lat' dir='ltr'>ah</span> <span class='ocrx_word' id='word_1_204' title='bbox 713 1921 789 1958; x_wconf 90' lang='lat' dir='ltr'>onere</span> <span class='ocrx_word' id='word_1_205' title='bbox 799 1907 911 1959; x_wconf 82' lang='lat' dir='ltr'>levatum</span> <span class='ocrx_word' id='word_1_206' title='bbox 918 1911 1065 1970; x_wconf 79' lang='lat' dir='ltr'>iumentum</span> <span class='ocrx_word' id='word_1_207' title='bbox 1076 1921 1161 1959; x_wconf 83' lang='lat' dir='ltr'>resur-</span> 
     </span>
     <span class='ocr_line' id='line_1_24' title="bbox 93 1982 258 2042; baseline 0 -13"><span class='ocrx_word' id='word_1_208' title='bbox 93 1992 152 2041; x_wconf 78' lang='lat' dir='ltr'>gere</span> <span class='ocrx_word' id='word_1_209' title='bbox 163 1982 242 2042; x_wconf 90' lang='lat' dir='ltr'>possit</span> <span class='ocrx_word' id='word_1_210' title='bbox 250 1998 258 2039; x_wconf 91' lang='lat'>;</span> 
     </span>
    </p>

    <p class='ocr_par' dir='ltr' id='par_1_10' title="bbox 94 2045 1160 2182">
     <span class='ocr_line' id='line_1_25' title="bbox 125 2045 1160 2112; baseline -0.002 -13"><span class='ocrx_word' id='word_1_211' title='bbox 125 2050 162 2100; x_wconf 88' lang='lat' dir='ltr'>lta</span> <span class='ocrx_word' id='word_1_212' title='bbox 176 2051 315 2112; x_wconf 89' lang='lat' dir='ltr'>peccatoris</span> <span class='ocrx_word' id='word_1_213' title='bbox 330 2061 395 2099; x_wconf 92' lang='lat' dir='ltr'>onus</span> <span class='ocrx_word' id='word_1_214' title='bbox 408 2047 440 2098; x_wconf 79' lang='lat' dir='ltr'>ab</span> <span class='ocrx_word' id='word_1_215' title='bbox 453 2060 483 2097; x_wconf 89' lang='lat' dir='ltr'>eo</span> <span class='ocrx_word' id='word_1_216' title='bbox 496 2045 698 2108; x_wconf 83' lang='lat' dir='ltr'>devolvendum,</span> <span class='ocrx_word' id='word_1_217' title='bbox 712 2048 738 2095; x_wconf 90' lang='lat' dir='ltr'>et</span> <span class='ocrx_word' id='word_1_218' title='bbox 748 2047 763 2096; x_wconf 79' lang='lat' dir='ltr'>d</span> <span class='ocrx_word' id='word_1_219' title='bbox 775 2048 903 2109; x_wconf 88' lang='lat' dir='ltr'>superiore</span> <span class='ocrx_word' id='word_1_220' title='bbox 915 2049 1065 2111; x_wconf 85' lang='lat' dir='ltr'>corripiente</span> <span class='ocrx_word' id='word_1_221' title='bbox 1078 2050 1160 2098; x_wconf 89' lang='lat' dir='ltr'>susci-</span> 
     </span>
     <span class='ocr_line' id='line_1_26' title="bbox 94 2119 229 2182; baseline -0.007 -14"><span class='ocrx_word' id='word_1_222' title='bbox 94 2119 229 2182; x_wconf 88' lang='lat' dir='ltr'>piendum.</span> 
     </span>
    </p>

    <p class='ocr_par' dir='ltr' id='par_1_11' title="bbox 93 2183 1160 2320">
     <span class='ocr_line' id='line_1_27' title="bbox 125 2183 1160 2252; baseline 0 -15"><span class='ocrx_word' id='word_1_223' title='bbox 125 2188 233 2250; x_wconf 81' lang='lat' dir='ltr'>Quinto,</span> <span class='ocrx_word' id='word_1_224' title='bbox 243 2188 352 2238; x_wconf 78' lang='lat' dir='ltr'>maxime</span> <span class='ocrx_word' id='word_1_225' title='bbox 363 2186 504 2238; x_wconf 86' lang='lat' dir='ltr'>cavendum</span> <span class='ocrx_word' id='word_1_226' title='bbox 516 2199 563 2246; x_wconf 90' lang='lat' dir='ltr'>ne,</span> <span class='ocrx_word' id='word_1_227' title='bbox 573 2188 639 2236; x_wconf 91' lang='lat' dir='ltr'>sicut</span> <span class='ocrx_word' id='word_1_228' title='bbox 648 2185 797 2246; x_wconf 73' lang='lat' dir='ltr'>Pharisaeus,</span> <span class='ocrx_word' id='word_1_229' title='bbox 810 2185 842 2235; x_wconf 83' lang='lat' dir='ltr'>oi&gt;</span> <span class='ocrx_word' id='word_1_230' title='bbox 852 2183 961 2236; x_wconf 89' lang='lat' dir='ltr'>aliorum</span> <span class='ocrx_word' id='word_1_231' title='bbox 973 2191 1074 2237; x_wconf 82' lang='lat' dir='ltr'>externa</span> <span class='ocrx_word' id='word_1_232' title='bbox 1085 2199 1160 2252; x_wconf 85' lang='lat' dir='ltr'>opera</span> 
     </span>
     <span class='ocr_line' id='line_1_28' title="bbox 93 2257 363 2320; baseline -0.007 -13"><span class='ocrx_word' id='word_1_233' title='bbox 93 2257 162 2308; x_wconf 85' lang='lat' dir='ltr'>mala</span> <span class='ocrx_word' id='word_1_234' title='bbox 180 2257 363 2320; x_wconf 86' lang='lat' dir='ltr'>superbiamus.</span> 
     </span>
    </p>

    <p class='ocr_par' dir='ltr' id='par_1_12' title="bbox 93 2322 1159 2527">
     <span class='ocr_line' id='line_1_29' title="bbox 124 2322 1159 2387; baseline 0 -10"><span class='ocrx_word' id='word_1_235' title='bbox 124 2328 228 2377; x_wconf 77' lang='lat' dir='ltr'>Etenim</span> <span class='ocrx_word' id='word_1_236' title='bbox 241 2325 344 2375; x_wconf 89' lang='lat' dir='ltr'>meliora</span> <span class='ocrx_word' id='word_1_237' title='bbox 360 2328 421 2374; x_wconf 88' lang='lat' dir='ltr'>sunt</span> <span class='ocrx_word' id='word_1_238' title='bbox 431 2327 532 2387; x_wconf 85' lang='lat' dir='ltr'>peccata</span> <span class='ocrx_word' id='word_1_239' title='bbox 545 2336 603 2374; x_wconf 93' lang='lat' dir='ltr'>cum</span> <span class='ocrx_word' id='word_1_240' title='bbox 617 2322 777 2384; x_wconf 84' lang='lat' dir='ltr'>humilitate,</span> <span class='ocrx_word' id='word_1_241' title='bbox 793 2325 869 2384; x_wconf 75' lang='lat' dir='ltr'>quim</span> <span class='ocrx_word' id='word_1_242' title='bbox 881 2325 1027 2374; x_wconf 90' lang='lat' dir='ltr'>innocentia</span> <span class='ocrx_word' id='word_1_243' title='bbox 1040 2338 1100 2376; x_wconf 91' lang='lat' dir='ltr'>oum</span> <span class='ocrx_word' id='word_1_244' title='bbox 1115 2339 1159 2377; x_wconf 85' lang='lat' dir='ltr'>su-</span> 
     </span>
     <span class='ocr_line' id='line_1_30' title="bbox 93 2392 1159 2460; baseline -0.001 -14"><span class='ocrx_word' id='word_1_245' title='bbox 93 2399 199 2460; x_wconf 86' lang='lat' dir='ltr'>perbia,</span> <span class='ocrx_word' id='word_1_246' title='bbox 218 2399 255 2446; x_wconf 89' lang='lat' dir='ltr'>alt</span> <span class='ocrx_word' id='word_1_247' title='bbox 271 2394 375 2458; x_wconf 80' lang='lat' dir='ltr'>Optatus</span> <span class='ocrx_word' id='word_1_248' title='bbox 394 2394 568 2455; x_wconf 67' lang='lat' dir='ltr'>milevitanus,</span> <span class='ocrx_word' id='word_1_249' title='bbox 589 2395 680 2443; x_wconf 88' lang='lat' dir='ltr'>citatus</span> <span class='ocrx_word' id='word_1_250' title='bbox 698 2393 713 2440; x_wconf 78' lang='lat' dir='ltr'>d</span> <span class='ocrx_word' id='word_1_251' title='bbox 731 2392 846 2442; x_wconf 85' lang='lat' dir='ltr'>Cornelio</span> <span class='ocrx_word' id='word_1_252' title='bbox 859 2394 874 2440; x_wconf 82' lang='lat' dir='ltr'>d</span> <span class='ocrx_word' id='word_1_253' title='bbox 888 2393 980 2456; x_wconf 88' lang='lat' dir='ltr'>Lapide</span> <span class='ocrx_word' id='word_1_254' title='bbox 996 2395 1023 2443; x_wconf 92' lang='lat' dir='ltr'>in</span> <span class='ocrx_word' id='word_1_255' title='bbox 1042 2408 1097 2458; x_wconf 90' lang='lat' dir='ltr'>cap.</span> <span class='ocrx_word' id='word_1_256' title='bbox 1121 2400 1159 2446; x_wconf 82' lang='lat' dir='ltr'>tc.</span> 
     </span>
     <span class='ocr_line' id='line_1_31' title="bbox 93 2467 282 2527; baseline -0.011 -11"><span class='ocrx_word' id='word_1_257' title='bbox 93 2467 186 2527; x_wconf 79' lang='lat' dir='ltr'>Luem,</span> <span class='ocrx_word' id='word_1_258' title='bbox 197 2479 225 2516; x_wconf 85' lang='lat' dir='ltr'>n.</span> <span class='ocrx_word' id='word_1_259' title='bbox 244 2468 282 2515; x_wconf 83' lang='lat' dir='ltr'>it.</span> 
     </span>
    </p>

    <p class='ocr_par' dir='ltr' id='par_1_13' title="bbox 92 2530 1159 2733">
     <span class='ocr_line' id='line_1_32' title="bbox 123 2530 1158 2594; baseline -0.005 -9"><span class='ocrx_word' id='word_1_260' title='bbox 123 2535 178 2585; x_wconf 89' lang='lat' dir='ltr'>iioc</span> <span class='ocrx_word' id='word_1_261' title='bbox 192 2539 222 2584; x_wconf 88' lang='lat' dir='ltr'>ui</span> <span class='ocrx_word' id='word_1_262' title='bbox 237 2536 361 2594; x_wconf 88' lang='lat' dir='ltr'>vitemus,</span> <span class='ocrx_word' id='word_1_263' title='bbox 382 2532 617 2594; x_wconf 85' lang='lat' dir='ltr'>circumspiciamus</span> <span class='ocrx_word' id='word_1_264' title='bbox 635 2543 695 2589; x_wconf 88' lang='lat' dir='ltr'>nos,</span> <span class='ocrx_word' id='word_1_265' title='bbox 711 2543 763 2579; x_wconf 88' lang='lat' dir='ltr'>non</span> <span class='ocrx_word' id='word_1_266' title='bbox 783 2543 826 2592; x_wconf 88' lang='lat' dir='ltr'>per</span> <span class='ocrx_word' id='word_1_267' title='bbox 844 2537 986 2592; x_wconf 87' lang='lat' dir='ltr'>respectum</span> <span class='ocrx_word' id='word_1_268' title='bbox 1001 2532 1033 2580; x_wconf 86' lang='lat' dir='ltr'>ad</span> <span class='ocrx_word' id='word_1_269' title='bbox 1050 2530 1158 2581; x_wconf 90' lang='lat' dir='ltr'>aliorum</span> 
     </span>
     <span class='ocr_line' id='line_1_33' title="bbox 93 2598 1159 2667; baseline -0.005 -13"><span class='ocrx_word' id='word_1_270' title='bbox 93 2616 169 2667; x_wconf 88' lang='lat' dir='ltr'>opera</span> <span class='ocrx_word' id='word_1_271' title='bbox 190 2602 275 2663; x_wconf 84' lang='lat' dir='ltr'>mnia;</span> <span class='ocrx_word' id='word_1_272' title='bbox 291 2603 335 2652; x_wconf 90' lang='lat' dir='ltr'>sed</span> <span class='ocrx_word' id='word_1_273' title='bbox 353 2614 397 2664; x_wconf 88' lang='lat' dir='ltr'>per</span> <span class='ocrx_word' id='word_1_274' title='bbox 412 2605 554 2663; x_wconf 88' lang='lat' dir='ltr'>respectum</span> <span class='ocrx_word' id='word_1_275' title='bbox 573 2599 605 2648; x_wconf 85' lang='lat' dir='ltr'>ad</span> <span class='ocrx_word' id='word_1_276' title='bbox 622 2598 735 2662; x_wconf 83' lang='lat' dir='ltr'>regulam</span> <span class='ocrx_word' id='word_1_277' title='bbox 752 2611 871 2665; x_wconf 88' lang='lat' dir='ltr'>morum,</span> <span class='ocrx_word' id='word_1_278' title='bbox 892 2599 1032 2648; x_wconf 83' lang='lat' dir='ltr'>secundum</span> <span class='ocrx_word' id='word_1_279' title='bbox 1052 2603 1159 2660; x_wconf 74' lang='lat' dir='ltr'>quami</span> 
     </span>
     <span class='ocr_line' id='line_1_34' title="bbox 92 2672 391 2733; baseline -0.003 -10"><span class='ocrx_word' id='word_1_280' title='bbox 92 2673 201 2723; x_wconf 77' lang='lat' dir='ltr'>Domim</span> <span class='ocrx_word' id='word_1_281' title='bbox 210 2672 391 2733; x_wconf 84' lang='lat' dir='ltr'>judicabimur.</span> 
     </span>
    </p>

    <p class='ocr_par' dir='ltr' id='par_1_14' title="bbox 92 2736 1158 3011">
     <span class='ocr_line' id='line_1_35' title="bbox 123 2736 1158 2802; baseline -0.006 -9"><span class='ocrx_word' id='word_1_282' title='bbox 123 2743 153 2793; x_wconf 88' lang='lat' dir='ltr'>ln</span> <span class='ocrx_word' id='word_1_283' title='bbox 167 2741 299 2792; x_wconf 88' lang='lat' dir='ltr'>tremendo</span> <span class='ocrx_word' id='word_1_284' title='bbox 312 2744 380 2791; x_wconf 90' lang='lat' dir='ltr'>enim</span> <span class='ocrx_word' id='word_1_285' title='bbox 391 2741 434 2791; x_wconf 86' lang='lat' dir='ltr'>liei</span> <span class='ocrx_word' id='word_1_286' title='bbox 444 2739 556 2802; x_wconf 82' lang='lat' dir='ltr'>jndicio,</span> <span class='ocrx_word' id='word_1_287' title='bbox 569 2738 740 2800; x_wconf 76' lang='lat' dir='ltr'>numquisque</span> <span class='ocrx_word' id='word_1_288' title='bbox 753 2749 816 2786; x_wconf 78' lang='lat' dir='ltr'>ocos</span> <span class='ocrx_word' id='word_1_289' title='bbox 831 2748 907 2785; x_wconf 83' lang='lat' dir='ltr'>suom</span> <span class='ocrx_word' id='word_1_290' title='bbox 917 2736 1030 2796; x_wconf 82' lang='lat' dir='ltr'>portabit</span> <span class='ocrx_word' id='word_1_291' title='bbox 1041 2758 1050 2785; x_wconf 94' lang='lat'>.·</span> <span class='ocrx_word' id='word_1_292' title='bbox 1064 2749 1115 2786; x_wconf 92' lang='lat' dir='ltr'>non</span> <span class='ocrx_word' id='word_1_293' title='bbox 1128 2739 1158 2788; x_wconf 90' lang='lat' dir='ltr'>de</span> 
     </span>
     <span class='ocr_line' id='line_1_36' title="bbox 92 2805 1156 2871; baseline -0.008 -8"><span class='ocrx_word' id='word_1_294' title='bbox 92 2813 203 2863; x_wconf 86' lang='lat' dir='ltr'>aliorum</span> <span class='ocrx_word' id='word_1_295' title='bbox 222 2811 294 2862; x_wconf 87' lang='lat' dir='ltr'>iactis</span> <span class='ocrx_word' id='word_1_296' title='bbox 309 2812 459 2871; x_wconf 86' lang='lat' dir='ltr'>judicabor,</span> <span class='ocrx_word' id='word_1_297' title='bbox 481 2822 528 2858; x_wconf 89' lang='lat' dir='ltr'>nec</span> <span class='ocrx_word' id='word_1_298' title='bbox 548 2821 608 2858; x_wconf 92' lang='lat' dir='ltr'>cum</span> <span class='ocrx_word' id='word_1_299' title='bbox 628 2806 678 2857; x_wconf 88' lang='lat' dir='ltr'>iliis</span> <span class='ocrx_word' id='word_1_300' title='bbox 695 2805 875 2867; x_wconf 87' lang='lat' dir='ltr'>comparabor,</span> <span class='ocrx_word' id='word_1_301' title='bbox 893 2805 936 2853; x_wconf 87' lang='lat' dir='ltr'>sed</span> <span class='ocrx_word' id='word_1_302' title='bbox 953 2818 997 2866; x_wconf 83' lang='lat' dir='ltr'>ego</span> <span class='ocrx_word' id='word_1_303' title='bbox 1012 2805 1074 2855; x_wconf 89' lang='lat' dir='ltr'>mihi</span> <span class='ocrx_word' id='word_1_304' title='bbox 1089 2809 1156 2868; x_wconf 84' lang='lat' dir='ltr'>ipsi:</span> 
     </span>
     <span class='ocr_line' id='line_1_37' title="bbox 92 2872 1158 2944; baseline -0.007 -13"><span class='ocrx_word' id='word_1_305' title='bbox 92 2889 210 2944; x_wconf 71' lang='lat' dir='ltr'>,irruam</span> <span class='ocrx_word' id='word_1_306' title='bbox 222 2887 259 2939; x_wconf 86' lang='lat' dir='ltr'>te,</span> <span class='ocrx_word' id='word_1_307' title='bbox 276 2887 299 2929; x_wconf 81' lang='lat' dir='ltr'>ot</span> <span class='ocrx_word' id='word_1_308' title='bbox 309 2888 419 2930; x_wconf 79' lang='lat' dir='ltr'>statuum</span> <span class='ocrx_word' id='word_1_309' title='bbox 433 2885 455 2929; x_wconf 89' lang='lat' dir='ltr'>te</span> <span class='ocrx_word' id='word_1_310' title='bbox 473 2885 529 2928; x_wconf 82' lang='lat' dir='ltr'>onie</span> <span class='ocrx_word' id='word_1_311' title='bbox 542 2877 632 2940; x_wconf 74' lang='lat' dir='ltr'>sociem</span> <span class='ocrx_word' id='word_1_312' title='bbox 647 2881 719 2925; x_wconf 81' lang='lat' dir='ltr'>tuom</span> <span class='ocrx_word' id='word_1_313' title='bbox 730 2891 739 2926; x_wconf 91' lang='grc'>.·</span> <span class='ocrx_word' id='word_1_314' title='bbox 751 2886 825 2936; x_wconf 86' lang='lat' dir='ltr'>opera</span> <span class='ocrx_word' id='word_1_315' title='bbox 839 2879 881 2924; x_wconf 88' lang='lat' dir='ltr'>tua</span> <span class='ocrx_word' id='word_1_316' title='bbox 895 2879 954 2923; x_wconf 85' lang='lat' dir='ltr'>ente</span> <span class='ocrx_word' id='word_1_317' title='bbox 969 2872 1054 2924; x_wconf 92' lang='lat' dir='ltr'>oculos</span> <span class='ocrx_word' id='word_1_318' title='bbox 1065 2878 1158 2924; x_wconf 90' lang='lat' dir='ltr'>mentis</span> 
     </span>
     <span class='ocr_line' id='line_1_38' title="bbox 92 2943 926 3011; baseline -0.012 -11"><span class='ocrx_word' id='word_1_319' title='bbox 92 2955 160 3011; x_wconf 80' lang='lat' dir='ltr'>tuos,</span> <span class='ocrx_word' id='word_1_320' title='bbox 174 2955 234 2998; x_wconf 84' lang='lat' dir='ltr'>anie</span> <span class='ocrx_word' id='word_1_321' title='bbox 247 2950 327 3010; x_wconf 85' lang='lat' dir='ltr'>legem</span> <span class='ocrx_word' id='word_1_322' title='bbox 338 2951 443 2998; x_wconf 81' lang='lat' dir='ltr'>rationis</span> <span class='ocrx_word' id='word_1_323' title='bbox 453 2950 503 2996; x_wconf 83' lang='lat' dir='ltr'>ture</span> <span class='ocrx_word' id='word_1_324' title='bbox 512 2983 520 3007; x_wconf 87' lang='lat'>,</span> <span class='ocrx_word' id='word_1_325' title='bbox 530 2952 589 2994; x_wconf 87' lang='lat' dir='ltr'>anic</span> <span class='ocrx_word' id='word_1_326' title='bbox 602 2945 686 2994; x_wconf 87' lang='lat' dir='ltr'>iucem</span> <span class='ocrx_word' id='word_1_327' title='bbox 699 2943 858 2993; x_wconf 77' lang='lat' dir='ltr'>conscientie</span> <span class='ocrx_word' id='word_1_328' title='bbox 867 2947 926 2992; x_wconf 82' lang='lat' dir='ltr'>tura.</span> 
     </span>
    </p>

    <p class='ocr_par' dir='ltr' id='par_1_15' title="bbox 124 3009 1157 3081">
     <span class='ocr_line' id='line_1_39' title="bbox 124 3009 1157 3081; baseline -0.009 -12"><span class='ocrx_word' id='word_1_329' title='bbox 124 3021 189 3081; x_wconf 82' lang='lat' dir='ltr'>Ergo</span> <span class='ocrx_word' id='word_1_330' title='bbox 200 3031 276 3080; x_wconf 90' lang='lat' dir='ltr'>opera</span> <span class='ocrx_word' id='word_1_331' title='bbox 291 3022 375 3067; x_wconf 89' lang='lat' dir='ltr'>nostra</span> <span class='ocrx_word' id='word_1_332' title='bbox 387 3016 514 3079; x_wconf 88' lang='lat' dir='ltr'>probanda</span> <span class='ocrx_word' id='word_1_333' title='bbox 525 3017 550 3063; x_wconf 89' lang='lat' dir='ltr'>et</span> <span class='ocrx_word' id='word_1_334' title='bbox 561 3011 730 3076; x_wconf 88' lang='lat' dir='ltr'>comparanda</span> <span class='ocrx_word' id='word_1_335' title='bbox 740 3012 812 3061; x_wconf 89' lang='lat' dir='ltr'>nobis</span> <span class='ocrx_word' id='word_1_336' title='bbox 823 3012 883 3073; x_wconf 87' lang='lat' dir='ltr'>ipsis</span> <span class='ocrx_word' id='word_1_337' title='bbox 896 3015 921 3060; x_wconf 90' lang='lat' dir='ltr'>et</span> <span class='ocrx_word' id='word_1_338' title='bbox 930 3009 978 3072; x_wconf 79' lang='lat' dir='ltr'>legi</span> <span class='ocrx_word' id='word_1_339' title='bbox 988 3009 1096 3072; x_wconf 86' lang='lat' dir='ltr'>divinae,</span> <span class='ocrx_word' id='word_1_340' title='bbox 1106 3024 1157 3060; x_wconf 92' lang='lat' dir='ltr'>non</span> 
     </span>
    </p>
   </div>
   <div class='ocr_carea' id='block_1_5' title="bbox 93 3084 623 3146">
    <p class='ocr_par' dir='ltr' id='par_1_16' title="bbox 93 3084 623 3146">
     <span class='ocr_line' id='line_1_40' title="bbox 93 3084 623 3146; baseline -0.013 -7"><span class='ocrx_word' id='word_1_341' title='bbox 93 3089 151 3139; x_wconf 90' lang='lat' dir='ltr'>aliis</span> <span class='ocrx_word' id='word_1_342' title='bbox 162 3088 311 3138; x_wconf 84' lang='lat' dir='ltr'>hominibus</span> <span class='ocrx_word' id='word_1_343' title='bbox 322 3092 368 3136; x_wconf 86' lang='lat' dir='ltr'>nui</span> <span class='ocrx_word' id='word_1_344' title='bbox 379 3087 487 3135; x_wconf 90' lang='lat' dir='ltr'>aliorum</span> <span class='ocrx_word' id='word_1_345' title='bbox 499 3084 623 3146; x_wconf 88' lang='lat' dir='ltr'>operibns.</span> 
     </span>
    </p>
   </div>
   <div class='ocr_carea' id='block_1_6' title="bbox 122 3168 1158 3304">
    <p class='ocr_par' dir='ltr' id='par_1_17' title="bbox 122 3168 1158 3304">
     <span class='ocr_line' id='line_1_41' title="bbox 122 3168 544 3230; baseline -0.014 -8"><span class='ocrx_word' id='word_1_346' title='bbox 122 3177 147 3221; x_wconf 85' lang='grc'>6.</span> <span class='ocrx_word' id='word_1_347' title='bbox 163 3171 331 3222; x_wconf 81' lang='lat' dir='ltr'>Commonioet</span> <span class='ocrx_word' id='word_1_348' title='bbox 344 3169 458 3218; x_wconf 80' lang='lat' dir='ltr'>antemio</span> <span class='ocrx_word' id='word_1_349' title='bbox 471 3168 544 3230; x_wconf 80' lang='lat' dir='ltr'>qui...</span> 
     </span>
     <span class='ocr_line' id='line_1_42' title="bbox 122 3231 1158 3304; baseline -0.01 -14"><span class='ocrx_word' id='word_1_350' title='bbox 122 3242 179 3304; x_wconf 82' lang='lat' dir='ltr'>Syr.</span> <span class='ocrx_word' id='word_1_351' title='bbox 195 3239 368 3289; x_wconf 88' lang='lat' dir='ltr'>communicet</span> <span class='ocrx_word' id='word_1_352' title='bbox 383 3241 468 3286; x_wconf 88' lang='lat' dir='ltr'>autem</span> <span class='ocrx_word' id='word_1_353' title='bbox 484 3237 505 3284; x_wconf 91' lang='lat' dir='ltr'>is</span> <span class='ocrx_word' id='word_1_354' title='bbox 516 3237 559 3296; x_wconf 91' lang='lat' dir='ltr'>qni</span> <span class='ocrx_word' id='word_1_355' title='bbox 571 3233 642 3284; x_wconf 89' lang='lat' dir='ltr'>audii</span> <span class='ocrx_word' id='word_1_356' title='bbox 653 3245 812 3293; x_wconf 87' lang='lat' dir='ltr'>sermonem,</span> <span class='ocrx_word' id='word_1_357' title='bbox 827 3234 850 3282; x_wconf 91' lang='lat' dir='ltr'>ei</span> <span class='ocrx_word' id='word_1_358' title='bbox 864 3233 907 3293; x_wconf 87' lang='lat' dir='ltr'>qui</span> <span class='ocrx_word' id='word_1_359' title='bbox 925 3231 972 3281; x_wconf 84' lang='lat' dir='ltr'>sitii</span> <span class='ocrx_word' id='word_1_360' title='bbox 991 3234 1118 3294; x_wconf 78' lang='lat' dir='ltr'>suggerit,</span> <span class='ocrx_word' id='word_1_361' title='bbox 1131 3234 1158 3281; x_wconf 91' lang='lat' dir='ltr'>ln</span> 
     </span>
    </p>
   </div>
   <div class='ocr_carea' id='block_1_7' title="bbox 92 3307 1209 3440">
    <p class='ocr_par' dir='ltr' id='par_1_18' title="bbox 92 3307 1209 3440">
     <span class='ocr_line' id='line_1_43' title="bbox 92 3307 1209 3440; baseline -0.01 -12"><span class='ocrx_word' id='word_1_362' title='bbox 92 3307 449 3440; x_wconf 35' lang='lat' dir='ltr'>orrgrgffinslaiolggrsgpifflumm</span> <span class='ocrx_word' id='word_1_363' title='bbox 471 3371 557 3420; x_wconf 89' lang='lat' dir='ltr'>docuit</span> <span class='ocrx_word' id='word_1_364' title='bbox 577 3371 727 3421; x_wconf 86' lang='lat' dir='ltr'>charitatem</span> <span class='ocrx_word' id='word_1_365' title='bbox 744 3371 771 3431; x_wconf 84' lang='lat' dir='ltr'>in</span> <span class='ocrx_word' id='word_1_366' title='bbox 788 3367 918 3417; x_wconf 77' lang='lat' dir='ltr'>inferiores</span> <span class='ocrx_word' id='word_1_367' title='bbox 938 3367 1069 3429; x_wconf 89' lang='lat' dir='ltr'>indrmos;</span> <span class='ocrx_word' id='word_1_368' title='bbox 1090 3382 1159 3417; x_wconf 92' lang='lat' dir='ltr'>nunc</span> <span class='ocrx_word' id='word_1_369' title='bbox 1207 3412 1209 3417; x_wconf 93' lang='lat'><em>.</em></span> 
     </span>
    </p>
   </div>
   <div class='ocr_carea' id='block_1_8' title="bbox 89 3435 1158 3857">
    <p class='ocr_par' dir='ltr' id='par_1_19' title="bbox 90 3435 1157 3570">
     <span class='ocr_line' id='line_1_44' title="bbox 90 3435 1157 3504; baseline -0.012 -8"><span class='ocrx_word' id='word_1_370' title='bbox 90 3446 242 3504; x_wconf 65' lang='lat' dir='ltr'>interimo,</span> <span class='ocrx_word' id='word_1_371' title='bbox 256 3442 411 3504; x_wconf 83' lang='lat' dir='ltr'>neophytos,</span> <span class='ocrx_word' id='word_1_372' title='bbox 423 3440 578 3501; x_wconf 82' lang='lat' dir='ltr'>corporalem</span> <span class='ocrx_word' id='word_1_373' title='bbox 589 3438 662 3487; x_wconf 92' lang='lat' dir='ltr'>docet</span> <span class='ocrx_word' id='word_1_374' title='bbox 673 3437 823 3486; x_wconf 86' lang='lat' dir='ltr'>charitatem</span> <span class='ocrx_word' id='word_1_375' title='bbox 837 3447 951 3485; x_wconf 83' lang='lat' dir='ltr'>exercere</span> <span class='ocrx_word' id='word_1_376' title='bbox 962 3437 989 3484; x_wconf 90' lang='lat' dir='ltr'>in</span> <span class='ocrx_word' id='word_1_377' title='bbox 1000 3435 1157 3500; x_wconf 83' lang='lat' dir='ltr'>spirituales,</span> 
     </span>
     <span class='ocr_line' id='line_1_45' title="bbox 91 3509 582 3570; baseline -0.018 -5"><span class='ocrx_word' id='word_1_378' title='bbox 91 3515 236 3565; x_wconf 86' lang='lat' dir='ltr'>necessarie</span> <span class='ocrx_word' id='word_1_379' title='bbox 252 3514 310 3560; x_wconf 76' lang='lat' dir='ltr'>vice</span> <span class='ocrx_word' id='word_1_380' title='bbox 321 3509 432 3559; x_wconf 87' lang='lat' dir='ltr'>subsidia</span> <span class='ocrx_word' id='word_1_381' title='bbox 445 3509 582 3570; x_wconf 80' lang='lat' dir='ltr'>largiendo.</span> 
     </span>
    </p>

    <p class='ocr_par' dir='ltr' id='par_1_20' title="bbox 89 3576 1158 3786">
     <span class='ocr_line' id='line_1_46' title="bbox 123 3576 1157 3643; baseline -0.019 -2"><span class='ocrx_word' id='word_1_382' title='bbox 123 3588 309 3642; x_wconf 81' lang='lat' dir='ltr'>Commcoicet,</span> <span class='ocrx_word' id='word_1_383' title='bbox 321 3584 346 3632; x_wconf 81' lang='lat' dir='ltr'>iti</span> <span class='ocrx_word' id='word_1_384' title='bbox 359 3588 411 3643; x_wconf 88' lang='lat' dir='ltr'>est,</span> <span class='ocrx_word' id='word_1_385' title='bbox 432 3584 526 3632; x_wconf 86' lang='lat' dir='ltr'>tribuat</span> <span class='ocrx_word' id='word_1_386' title='bbox 545 3579 682 3630; x_wconf 78' lang='lat' dir='ltr'>liberaliter</span> <span class='ocrx_word' id='word_1_387' title='bbox 694 3579 717 3628; x_wconf 81' lang='lat' dir='ltr'>ir</span> <span class='ocrx_word' id='word_1_388' title='bbox 729 3580 774 3640; x_wconf 79' lang='lat' dir='ltr'>qni</span> <span class='ocrx_word' id='word_1_389' title='bbox 785 3578 957 3628; x_wconf 75' lang='lat' dir='ltr'>catechizetur</span> <span class='ocrx_word' id='word_1_390' title='bbox 969 3578 1057 3633; x_wconf 84' lang='lat' dir='ltr'>verbo,</span> <span class='ocrx_word' id='word_1_391' title='bbox 1075 3576 1157 3631; x_wconf 88' lang='lat' dir='ltr'>idest,</span> 
     </span>
     <span class='ocr_line' id='line_1_47' title="bbox 89 3645 1158 3720; baseline -0.018 -13"><span class='ocrx_word' id='word_1_392' title='bbox 89 3660 134 3720; x_wconf 86' lang='lat' dir='ltr'>qui</span> <span class='ocrx_word' id='word_1_393' title='bbox 149 3659 256 3706; x_wconf 88' lang='lat' dir='ltr'>docetur</span> <span class='ocrx_word' id='word_1_394' title='bbox 272 3653 377 3702; x_wconf 81' lang='lat' dir='ltr'>verbum</span> <span class='ocrx_word' id='word_1_395' title='bbox 388 3651 448 3710; x_wconf 86' lang='lat' dir='ltr'>Dei,</span> <span class='ocrx_word' id='word_1_396' title='bbox 461 3665 505 3700; x_wconf 87' lang='lat' dir='ltr'>seu</span> <span class='ocrx_word' id='word_1_397' title='bbox 519 3653 563 3712; x_wconf 85' lang='lat' dir='ltr'>qni</span> <span class='ocrx_word' id='word_1_398' title='bbox 579 3650 714 3697; x_wconf 88' lang='lat' dir='ltr'>instruitur</span> <span class='ocrx_word' id='word_1_399' title='bbox 726 3649 753 3695; x_wconf 91' lang='lat' dir='ltr'>in</span> <span class='ocrx_word' id='word_1_400' title='bbox 765 3647 879 3695; x_wconf 85' lang='lat' dir='ltr'>doctrina</span> <span class='ocrx_word' id='word_1_401' title='bbox 891 3645 959 3694; x_wconf 87' lang='lat' dir='ltr'>tidei.</span> <span class='ocrx_word' id='word_1_402' title='bbox 971 3645 1014 3694; x_wconf 86' lang='lat' dir='ltr'>Gr.</span> <span class='ocrx_word' id='word_1_403' title='bbox 1030 3645 1158 3691; x_wconf 86' lang='lat' dir='ltr'>institutus</span> 
     </span>
     <span class='ocr_line' id='line_1_48' title="bbox 91 3715 914 3786; baseline -0.018 -9"><span class='ocrx_word' id='word_1_404' title='bbox 91 3728 211 3786; x_wconf 84' lang='lat' dir='ltr'>verbum,</span> <span class='ocrx_word' id='word_1_405' title='bbox 229 3725 253 3774; x_wconf 82' lang='lat' dir='ltr'>ei</span> <span class='ocrx_word' id='word_1_406' title='bbox 269 3725 314 3785; x_wconf 73' lang='grc' dir='ltr'>(μα’</span> <span class='ocrx_word' id='word_1_407' title='bbox 327 3736 352 3770; x_wconf 79' lang='lat' dir='ltr'>re</span> <span class='ocrx_word' id='word_1_408' title='bbox 365 3721 514 3782; x_wconf 75' lang='lat' dir='ltr'>catechizet,</span> <span class='ocrx_word' id='word_1_409' title='bbox 525 3720 621 3768; x_wconf 90' lang='lat' dir='ltr'>doctori</span> <span class='ocrx_word' id='word_1_410' title='bbox 633 3728 687 3765; x_wconf 90' lang='lat' dir='ltr'>suo.</span> <span class='ocrx_word' id='word_1_411' title='bbox 702 3715 745 3764; x_wconf 85' lang='lat' dir='ltr'>Gr.</span> <span class='ocrx_word' id='word_1_412' title='bbox 763 3716 914 3764; x_wconf 88' lang='lat' dir='ltr'>instituenti.</span> 
     </span>
    </p>

    <p class='ocr_par' dir='ltr' id='par_1_21' title="bbox 121 3781 1157 3857">
     <span class='ocr_line' id='line_1_49' title="bbox 121 3781 1157 3857; baseline -0.023 -5"><span class='ocrx_word' id='word_1_413' title='bbox 121 3805 150 3852; x_wconf 86' lang='lat' dir='ltr'>ln</span> <span class='ocrx_word' id='word_1_414' title='bbox 170 3799 288 3850; x_wconf 81' lang='lat' dir='ltr'>omnibns</span> <span class='ocrx_word' id='word_1_415' title='bbox 305 3797 389 3853; x_wconf 82' lang='lat' dir='ltr'>ionis,</span> <span class='ocrx_word' id='word_1_416' title='bbox 409 3794 604 3857; x_wconf 85' lang='lat' dir='ltr'>temporalibus,</span> <span class='ocrx_word' id='word_1_417' title='bbox 624 3789 716 3851; x_wconf 82' lang='lat' dir='ltr'>quibus</span> <span class='ocrx_word' id='word_1_418' title='bbox 735 3789 831 3850; x_wconf 85' lang='lat' dir='ltr'>indiget</span> <span class='ocrx_word' id='word_1_419' title='bbox 848 3788 950 3846; x_wconf 89' lang='lat' dir='ltr'>doctor,</span> <span class='ocrx_word' id='word_1_420' title='bbox 968 3789 993 3834; x_wconf 89' lang='lat' dir='ltr'>ei</span> <span class='ocrx_word' id='word_1_421' title='bbox 1005 3793 1059 3844; x_wconf 78' lang='lat' dir='ltr'>quae</span> <span class='ocrx_word' id='word_1_422' title='bbox 1071 3781 1157 3840; x_wconf 80' lang='lat' dir='ltr'>potest</span> 
     </span>
    </p>
   </div>
   <div class='ocr_carea' id='block_1_9' title="bbox 89 3864 1155 4002">
    <p class='ocr_par' dir='ltr' id='par_1_22' title="bbox 89 3864 1155 4002">
     <span class='ocr_line' id='line_1_50' title="bbox 89 3864 1105 3939; baseline -0.037 -15"><span class='ocrx_word' id='word_1_423' title='bbox 89 3871 252 3939; x_wconf 80' lang='lat' dir='ltr'>suppeditare</span> <span class='ocrx_word' id='word_1_424' title='bbox 269 3864 417 3926; x_wconf 88' lang='lat' dir='ltr'>discipulus.</span> <span class='ocrx_word' id='word_1_425' title='bbox 1099 3912 1105 3923; x_wconf 94' lang='lat'>.</span> 
     </span>
     <span class='ocr_line' id='line_1_51' title="bbox 125 3911 1155 4002; baseline -0.044 0"><span class='ocrx_word' id='word_1_426' title='bbox 125 3943 210 4002; x_wconf 58' lang='lat' dir='ltr'>ligero,</span> <span class='ocrx_word' id='word_1_427' title='bbox 226 3946 288 3986; x_wconf 73' lang='lat' dir='ltr'>V⁰00</span> <span class='ocrx_word' id='word_1_428' title='bbox 298 3943 397 3992; x_wconf 63' lang='lat' dir='ltr'>smil·</span> <span class='ocrx_word' id='word_1_429' title='bbox 408 3931 474 3980; x_wconf 67' lang='lat' dir='ltr'>unde</span> <span class='ocrx_word' id='word_1_430' title='bbox 484 3932 545 3980; x_wconf 79' lang='lat' dir='ltr'>echo</span> <span class='ocrx_word' id='word_1_431' title='bbox 554 3951 561 3992; x_wconf 92' lang='lat'>;</span> <span class='ocrx_word' id='word_1_432' title='bbox 570 3931 697 3989; x_wconf 77' lang='grc' dir='ltr'><strong><em>κατηχετν,</em></strong></span> <span class='ocrx_word' id='word_1_433' title='bbox 707 3938 768 3976; x_wconf 88' lang='lat' dir='ltr'>voce</span> <span class='ocrx_word' id='word_1_434' title='bbox 784 3928 907 3976; x_wconf 87' lang='lat' dir='ltr'>instruere</span> <span class='ocrx_word' id='word_1_435' title='bbox 917 3941 923 3970; x_wconf 71' lang='grc' dir='ltr'>ι</span> <span class='ocrx_word' id='word_1_436' title='bbox 935 3911 1155 3991; x_wconf 26' lang='grc' dir='ltr'>ὴὶηοὶειιῐοοὴιεῑα,</span> 
     </span>
    </p>
   </div>
   <div class='ocr_carea' id='block_1_10' title="bbox 0 0 1260 4424">
    <p class='ocr_par' dir='ltr' id='par_1_23' title="bbox 0 0 1260 4424">
     <span class='ocr_line' id='line_1_52' title="bbox 0 0 1260 4424; baseline 0 3"><span class='ocrx_word' id='word_1_437' title='bbox 0 0 1260 4424; x_wconf 95' lang='lat' dir='ltr'> </span> 
     </span>
    </p>
   </div>
  </div>
 </body>
</html>
