2512 4424
213 245 385 302 totehnx
402 247 626 303 hxrosrrw.
646 247 728 304 cir.
748 250 787 303 li.
977 250 1032 305 ier

434 341 476 392 iiic
495 341 589 405 homo,
605 342 687 405 quahs
702 356 786 405 eram;
804 357 856 394 non
875 356 936 406 ego,
949 356 1002 395 non
1015 345 1031 394 i

434 424 476 462 me
490 414 543 474 ipso
554 425 561 460 ι
572 413 616 462 sed
626 413 754 476 Christus,
766 414 822 464 tons
832 416 931 478 gratie,
942 415 1032 465 auctor

432 485 551 543 iustitia,
565 485 617 533 vita
628 497 685 534 mea
696 489 734 534 est
743 522 750 546 ,
760 487 888 547 totiusque
900 495 964 534 mets
980 485 1032 548 spi·

277 610 279 614 ,
434 549 532 599 riiualis
541 553 599 598 vitm
608 553 773 615 principium.

78 616 172 680 autem
197 626 273 668 nunc
293 613 356 669 viro
382 613 411 666 in
464 618 535 680 Quod
549 624 635 668 autern
648 620 715 671 hanc
729 622 841 672 divinam
854 623 933 672 ritem
951 619 1031 670 hahes

435 690 461 736 in
478 702 553 739 carne
566 688 667 738 mortali
680 727 688 751 ,
701 695 739 740 tot
756 693 866 754 pcccatis
884 695 909 741 et
921 691 1032 744 miserita
1108 729 1113 737 -

434 756 540 806 obnoxii
549 777 556 817 ;

80 819 142 874 rivo
154 821 215 874 Filii
229 821 292 886 liei,
464 827 616 887 iiocdcheo,
629 839 681 877 non
694 827 758 890 legi,
771 824 1017 888 sedtidoiqnamira

433 895 479 946 beo
491 897 518 945 in
528 895 621 945 Filium
634 896 693 957 Dei;

78 957 129 1010 exii
142 971 196 1023 me,
206 964 234 1011 et
247 957 359 1013 tradidit
370 972 411 1012 se·
463 965 511 1027 Qui
520 978 562 1015 mc
573 965 639 1017 nihii
649 967 788 1016 merentem
799 1001 806 1025 ,
818 963 870 1014 irnd
881 976 923 1013 me
941 964 1030 1014 inimi·

78 1047 118 1086 rm
132 1048 184 1100 pro
196 1047 251 1088 me.
432 1047 578 1084 cumsunm
592 1032 878 1094 ditexit,etintantdm
887 1030 990 1092 dilexit,
1002 1033 1030 1080 ιιι

431 1105 593 1165 semetipsum
605 1103 633 1150 ιιι
642 1105 749 1151 moriem
760 1100 908 1161 tradiderit,
925 1102 954 1148 ut
963 1098 1029 1149 mihi

431 1172 510 1219 ritum
521 1170 591 1218 daret
600 1173 730 1219 aeternam.

78 1233 134 1287 hon
168 1232 269 1300 abiicio
293 1235 408 1304 gratiam
461 1241 516 1289 Non
536 1251 627 1302 sperno
647 1239 696 1289 hoc
714 1237 840 1288 inedahiic
854 1236 898 1288 Dei
912 1236 1026 1295 donum,

430 1323 546 1372 quaerens
565 1309 668 1359 aliunde
692 1309 842 1371 iustificari,
864 1311 894 1357 ut
919 1305 1027 1370 pseudo-

430 1381 536 1443 apostoli
547 1399 554 1441 3
565 1381 636 1441 qussi
647 1378 761 1429 Christus
773 1379 846 1428 nohis
856 1389 909 1426 non
920 1375 1028 1426 suiiiciat

430 1447 462 1497 ad
482 1447 607 1507 satutem;
628 1458 678 1507 quo
696 1448 833 1496 maximam
850 1444 911 1496 sand
927 1443 1027 1496 Christo

431 1515 528 1565 faciunt
539 1516 659 1576 iniuriam
672 1532 679 1564 r

90 1695 175 1741 ouum
191 1704 257 1741 cunc
275 1692 333 1742 otoo
355 1691 384 1742 ιἰι
402 1705 505 1742 corne...
1096 1744 1098 1748 .

82 1763 168 1811 autem
180 1761 216 1810 sic
228 1759 406 1824 spiritualiter,
418 1761 433 1809 i
447 1763 556 1824 peccatis
566 1763 658 1811 veteris
672 1760 785 1811 hominis
800 1759 878 1821 liber,
898 1761 984 1810 rivam
996 1760 1024 1808 in

78 1828 130 1879 rtaii
147 1842 236 1890 carne,
248 1834 284 1879 tot
303 1831 372 1879 vitiis
390 1833 415 1879 ct
433 1830 663 1892 imperfectionibus
675 1831 797 1890 chnorid,
810 1830 860 1882 hoo
878 1829 955 1880 dohec
966 1827 1024 1878 tidei

77 1911 103 1947 m
116 1897 169 1948 ucr.
183 1898 243 1948 Vide
261 1899 444 1962 paraphrasim.

78 1972 148 2022 itesit
160 1986 237 2022 me...
248 1972 329 2034 Quis?
340 1975 438 2034 quemi
455 1973 533 2024 Filius
544 1973 588 2024 Dei
602 1977 628 2024 et
638 1973 722 2036 Deus,
738 1973 935 2028 homuncionem
946 1990 954 2032 t
973 1971 1024 2021 iio-

79 2054 195 2102 aervum;
209 2042 315 2092 Sanctus
331 2046 491 2103 sanctornm,
507 2048 677 2106 peccatorem,
688 2045 774 2096 omnia
786 2047 812 2100 et
825 2054 901 2092 omne
911 2041 1023 2101 honum,

78 2103 146 2159 nihii.
158 2109 178 2160 0
190 2111 305 2161 honitasi
322 2110 337 2160 d
349 2111 483 2162 ineffabilis
494 2114 607 2176 mysterii
620 2113 765 2176 dispositio!
778 2115 825 2167 etc

78 2185 147 2234 didit
161 2186 319 2248 semetipsum
329 2200 376 2248 pro
388 2201 435 2253 roe.

78 2254 133 2305 erbis
143 2253 252 2304 declarat
260 2268 306 2318 par
316 2268 378 2317 esse,
388 2258 424 2306 ait
434 2256 463 2307 h.
472 2256 673 2320 Chrysustomus,
686 2262 714 2308 ut
727 2255 898 2318 unusquisque
909 2253 1023 2305 nosutim
1083 2272 1085 2277 ·

78 2336 118 2372 rus
131 2325 222 2384 gratias
238 2327 294 2385 agat
305 2324 420 2386 Christo,
439 2327 515 2386 quin
531 2328 552 2377 si
563 2328 596 2377 oh
614 2328 697 2390 ipsum
714 2326 796 2377 solum
812 2328 928 2375 mortuus
939 2327 1021 2373 esset:

78 2394 131 2442 nim
144 2398 306 2444 recusaturus
325 2398 394 2455 erat,
411 2394 451 2444 vel
466 2396 498 2445 oh
511 2410 606 2455 unum,
617 2400 716 2446 taniam
729 2395 844 2445 exhihere
856 2393 1024 2451 dispensatio-

78 2460 116 2510 iec
133 2460 261 2522 singulum
272 2475 397 2523 quemque
408 2464 538 2514 hominem
554 2466 609 2527 psri
630 2465 758 2514 charitatis
774 2463 848 2519 modo
861 2461 956 2524 diligit,
972 2475 1024 2524 quo

78 2529 149 2580 rbem
167 2533 325 2582 universum.
345 2531 374 2582 h.
394 2532 667 2595 chrysostomus,hic.

78 2601 172 2662 [uisque
186 2613 243 2662 ergo
258 2601 395 2663 baptisatus
407 2607 432 2652 et
444 2605 470 2652 in
482 2598 757 2661 Christoiustiticatus,
771 2612 831 2655 cum
847 2600 963 2662 iipostoio
975 2613 1023 2664 po-

78 2682 132 2720 tres
150 2671 247 2720 Christo
265 2671 376 2734 confisus
391 2686 449 2720 rum
460 2671 542 2730 cruci,
558 2673 617 2732 qnia
629 2682 697 2719 mors
713 2673 738 2718 et
752 2670 805 2718 rita
818 2668 908 2719 Christi
922 2669 971 2720 tuit
985 2669 1022 2719 iiii

78 2739 153 2788 ricata
162 2757 170 2799 ς
187 2740 234 2801 tpsi
255 2742 323 2790 totus
340 2739 454 2790 Christus
471 2738 520 2789 tuit
530 2739 620 2801 datus,
637 2736 756 2788 etractus
771 2738 843 2799 quasi
862 2751 941 2800 suus,
954 2742 1023 2788 totns

78 2838 153 2924 edam
171 2877 197 2924 et
212 2874 295 2925 dicere
310 2877 410 2938 potest:
425 2877 470 2940 qui
484 2873 570 2925 ditexit
584 2888 663 2935 ιιι...
676 2877 701 2925 et
716 2876 776 2937 quia
789 2886 831 2925 me
850 2872 952 2936 dilexit,
968 2880 1022 2925 tra-

78 2943 258 3007 oetipsumpro
271 2959 319 2995 me.
1017 2981 1019 2985 ,

78 3011 129 3062 ium
144 3025 269 3075 quemque
280 3011 476 3081 pmichnritatis
491 3013 566 3072 modo
578 3013 677 3076 diligit,
697 3025 746 3075 quo
756 3011 839 3075 diligit
855 3011 941 3063 orbem
964 3014 1019 3062 uni·

78 3150 105 3199 iis
124 3149 224 3199 tantum
237 3149 351 3212 prodest,
372 3147 496 3213 quantum
515 3150 649 3212 omnibus,
665 3163 711 3214 pro
732 3163 783 3201 uno
801 3148 854 3200 solo
873 3150 1020 3202 redimendo

78 3220 298 3350 sereartgongciagcre
310 3287 402 3347 debeo,
419 3301 449 3337 ac
462 3289 484 3338 si
496 3300 541 3351 pro
555 3301 596 3339 mo
614 3286 666 3338 solo
679 3293 795 3343 mortuus
808 3292 882 3339 esset.
894 3286 925 3339 Sc
938 3294 1020 3340 totum

79 3357 133 3419 dit,
150 3360 234 3405 totum
245 3359 328 3417 iiaquc
347 3360 373 3406 et
392 3357 525 3420 piusquam
538 3362 624 3411 totum
641 3359 689 3430 ipsi
705 3369 748 3413 mo
765 3357 842 3408 dobeo
854 3377 861 3407 s
874 3359 936 3422 quid
951 3363 1019 3410 enim

78 3522 104 3559 ιιι
120 3507 213 3571 objicio
228 3511 340 3572 oratiam
350 3509 426 3563 Det...

78 3578 185 3628 :ultimo
195 3591 269 3627 versu
286 3592 349 3628 nova
361 3582 426 3628 ratio
442 3581 586 3630 continetur
600 3596 607 3628 ι
619 3577 734 3629 Christus
744 3578 813 3629 enim
832 3577 888 3629 ideo
904 3584 1018 3632 morinus

78 3661 118 3698 ros
133 3653 214 3698 morte
225 3650 271 3698 sud
281 3650 432 3711 redimeret,
445 3652 619 3712 justitiamque
635 3650 706 3699 nohis
718 3653 866 3700 mereretur.

78 3730 116 3767 em
126 3730 156 3766 cx
164 3716 217 3779 lego
223 3718 356 3778 iustificari
366 3723 518 3782 poteramus,
528 3732 585 3781 ergo
592 3731 776 3782 supervacanea
786 3723 823 3769 est
830 3732 899 3771 mors
907 3717 1016 3768 Christis

78 3800 120 3836 em
130 3787 216 3836 credat
226 3787 354 3841 Christum
367 3792 404 3837 tot
415 3793 439 3837 ei
454 3792 524 3838 tanta
536 3801 639 3852 passum
651 3788 760 3839 trustra?

78 3858 109 3919 pri
125 3856 222 3917 credit,
239 3856 282 3906 het
296 3859 403 3919 gratiam
418 3858 515 3918 abjicit.

78 3929 160 3994 Micio
172 3931 285 3993 aratiam
296 3931 352 3983 Dei.
363 3931 510 3994 siccatum
521 3928 567 3983 Del
581 3933 678 3996 spernit
696 3935 722 3985 ot
739 3930 827 3994 abiicit
838 3932 882 3994 qui
893 3925 1018 3991 justitita-
