2512 4424
149 248 185 301 18
313 247 498 304 SECUNDAE
517 249 725 305 EPISTOLAE
745 251 791 304 Ab
810 249 1051 307 CORINTHIOS

148 341 233 390 ulmus
247 340 275 391 lu
291 341 417 403 adversim
433 343 476 393 sed
490 343 550 393 ltcet
565 357 624 407 pars
643 345 750 394 exterior
773 346 876 412 cimus;
891 348 941 401 sed
954 347 1019 400 licet
1037 345 1077 410 io,
1088 343 1138 412 qul
1149 343 1218 399 loris

148 413 253 471 nostra,
273 424 332 461 oaro
355 413 468 473 scilicet,
490 418 683 476 corrumpatur,
704 426 748 463 seu
772 424 1035 488 esg‚n0510ph0m0
1050 436 1219 490 corrumpa-

142 479 309 539 attenuetur,
330 492 389 542 pare
405 484 492 530 tamen
510 483 627 543 laterior,
647 484 750 531 unimus
773 506 831 568 tum
845 503 986 564 tamis,
1002 503 1050 568 qui
1065 502 1143 554 intus
1155 507 1216 566 εει,

144 546 287 608 umr’flt
302 549 330 597 ¹¹¹
343 547 533 610 ffifflv⁰g⁰fi⁰r³
774 588 924 636 renovatur
935 582 970 634 de
979 581 1023 633 die
1033 581 1062 632 in
1072 580 1158 633 diem.

176 645 241 710 Qula
251 649 301 699 fide
312 649 380 700 certa
390 653 485 701 scimus
494 651 561 713 quod
569 657 748 705 momentanea
805 657 1075 724 l'l.1denimquod
1093 657 1124 710 in
1141 670 1218 724 prae-

145 717 174 765 et
187 716 250 767 levis
263 717 366 767 allltctlo
376 722 487 781 corporis
498 723 564 782 parit
574 723 646 772 uobis
660 725 747 774 ineffa-
771 737 843 789 semp
866 742 908 789 est
934 740 1165 787 momentaneam
1189 739 1217 788 02

142 782 197 834 bile
207 786 306 848 pondus
325 786 409 848 gloriae
420 789 519 836 utemur
530 791 555 837 et
567 787 690 849 lutlnitae;
703 803 747 839 seu
770 814 831 867 'eve
841 813 1027 867 tribulationis
1038 817 1144 864 nom
1172 826 1218 864 su,

144 854 251 914 gloriam
264 856 588 920 sublimissimam‚etquae
596 859 660 908 mire
672 873 747 922 supra
1154 852 1161 876 ’

144 924 250 974 modum
260 929 362 990 superat
376 938 464 976 omncs
479 927 557 987 butus
571 930 692 992 temporis
710 929 747 980 uf-

145 991 278 1046 filotlones.

770 903 820 955 pra
844 890 960 942 modum
988 889 1018 940 in
1044 888 1217 941 sublimitate

770 970 905 1019 oeternum
915 965 1010 1032 gloriae
1020 964 1134 1030 pondus
1147 977 1217 1030 ope

769 1051 847 1099 ratur
859 1046 890 1099 iu
901 1043 994 1097 nobis.

175 1114 233 1166 ileo
243 1117 277 1166 ad
288 1117 343 1168 bec
351 1119 486 1180 presentia
498 1155 505 1178 ,
516 1130 572 1180 oue
583 1119 711 1182 ridentur,
720 1126 744 1171 el
801 1124 846 1175 18.
876 1122 937 1173 Non
957 1120 1214 1187 contemplantssrus

145 1185 295 1245 temporaria
311 1189 389 1243 sunt,
408 1197 460 1234 non
477 1189 634 1248 spanianum
654 1187 698 1238 sed
712 1188 744 1238 all
767 1198 849 1252 nobis
859 1211 922 1265 quae
933 1197 1072 1261 videntur,
1084 1198 1136 1250 sed
1148 1209 1214 1263 quae

144 1250 398 1316 invisibiliu,ctquae
415 1256 588 1305 auntaeterna.
667 1308 675 1320 ,
767 1290 824 1329 non
836 1274 965 1327 videmur
978 1289 985 1325 :
999 1286 1063 1339 φη
1082 1272 1160 1324 enim
1172 1271 1214 1324 vi.

766 1354 883 1414 dentur,
912 1350 1075 1415 temporalia
1110 1355 1179 1402 sunt
1203 1364 1211 1399 ε

765 1443 830 1496 quae
853 1433 945 1481 autem
977 1440 1037 1479 nou
1063 1426 1212 1491 ridentur,

764 1512 868 1558 aelerna
886 1511 960 1557 sunt.

142 1674 253 1721 vestram
265 1671 387 1735 salutem,
398 1679 423 1724 et
436 1679 537 1738 propter
550 1678 674 1736 majorem
686 1674 737 1724 beo
751 1673 935 1737 procurandam
951 1672 1055 1734 gloriam
1066 1694 1073 1734 ;
1085 1688 1147 1735 seu,

172 1738 248 1802 Spem
260 1741 339 1792 beatu
358 1747 547 1794 resurrectionis
565 1744 701 1804 babentes,
715 1749 744 1793 ut
755 1743 893 1792 multorum
909 1741 1033 1803 salutem,
1047 1747 1073 1792 et
1084 1747 1211 1805 majorem

140 1806 185 1857 bel
200 1807 305 1870 gloriam
316 1824 491 1874 procuremus.

140 1883 369 2001 1³le⁶?de
388 1889 417 1937 ln
436 1888 562 1948 adversis,
582 1899 631 1938 nec
644 1886 779 1949 fatigamur
794 1888 918 1936 innostro
934 1898 1040 1936 munere
1057 1887 1207 1951 tangendo,

164 1963 195 1999 cu
230 1963 247 1999 n
280 1966 327 2002 .n.

172 2026 221 2074 Sed
237 2025 291 2075 licit
305 2028 344 2086 ic,
357 2029 402 2092 qui
412 2030 476 2092 foris
486 2036 550 2080 est...
566 2030 593 2079 ld
604 2033 657 2090 est,
671 2041 729 2091 pars
742 2028 984 2091 exteriorhominia,
996 2042 1071 2093 caro,
1087 2038 1209 2082 corrum-

139 2098 215 2156 patur
225 2099 364 2157 pressuris,
373 2098 452 2160 plagis
462 2136 469 2158 ‚
481 2097 563 2158 inmo,
574 2099 633 2157 siti,
646 2097 750 2158 frigore,
763 2102 811 2146 etc.

175 2169 296 2218 lomenia
306 2172 350 2232 qui
360 2173 428 2222 intus
443 2180 478 2223 eat
478 2207 548 2223 .......
564 2185 623 2236 pars
637 2173 757 2231 interior,
767 2172 869 2233 spiritus
884 2178 1032 2231 renouatus,
1045 2173 1075 2222 fit
1092 2177 1207 2236 vegetior

138 2235 189 2286 nuc
199 2241 226 2286 et
238 2250 281 2300 spe
294 2239 372 2289 iuturi
384 2244 491 2303 pramii.

169 2311 213 2360 Vel
223 2320 359 2364 reuocetur
368 2328 413 2377 per
425 2329 503 2365 novas
520 2317 612 2377 gratias
621 2351 628 2374 ,
638 2312 729 2375 quibus
746 2313 883 2362 retlorescit
895 2316 922 2363 in
940 2314 984 2364 bei
1000 2318 1166 2378 cognitione,
1179 2322 1206 2368 et

139 2381 286 2430 accenditur
297 2384 324 2432 ln
335 2382 379 2432 llcl
390 2396 490 2445 amore;
508 2384 620 2447 hincque
633 2385 714 2443 major
727 2381 759 2430 de
775 2381 816 2431 dle
830 2385 858 2432 ln
877 2384 944 2432 diem
958 2385 1077 2434 alacritas
1094 2387 1128 2435 ad
1145 2401 1205 2437 mu-

135 2451 190 2510 jora
204 2449 341 2502 toleranda.

170 2535 208 2582 17.
221 2535 250 2583 ld
265 2535 331 2583 enim
346 2538 414 2597 quod
425 2535 453 2584 ln
469 2535 585 2598 proemii
595 2539 629 2583 est
642 2537 869 2581 momentaneum...
887 2532 930 2583 Gr.
942 2548 1003 2583 nam
1020 2542 1202 2590 momentanea

136 2599 225 2652 leuitas
236 2603 405 2654 tribulationis
421 2608 514 2653 nostrus
525 2640 533 2662 ,
545 2602 571 2650 iel
586 2606 642 2662 est,
654 2613 780 2663 praesens,
793 2600 921 2650 celerrime
934 2605 1079 2665 transiens,
1092 2611 1117 2654 et
1128 2611 1201 2668 quasi

135 2678 310 2723 momentanea
323 2678 348 2723 et
360 2673 423 2723 levis
435 2673 573 2722 tribulatio.

167 2750 253 2811 Supra
265 2751 369 2798 modum
389 2749 417 2796 in
429 2747 591 2797 sublimitate.
609 2743 652 2793 Gr.
673 2743 814 2794 secundum
834 2744 1006 2795 excellentiam
1023 2750 1051 2796 in
1071 2751 1202 2802 excelleu-

135 2819 213 2878 ticm,
224 2818 251 2867 id
266 2822 304 2868 est
316 2854 324 2878 ,
340 2817 489 2866 excellenter
499 2812 677 2873 excellentem,
689 2818 713 2862 et
723 2813 929 2862 sublimissimam
941 2813 1047 2875 gloriam
1061 2825 1199 2882 operatur,

134 2898 178 2937 seu
223 2890 255 2937 rit
266 2889 293 2936 ln
306 2886 387 2936 nobis.

164 2901 250 3018 liguo
268 2969 319 3005 non
333 2953 481 3011 deficimus,
495 2951 539 3001 serl
556 2951 586 3000 (le
600 2951 640 2999 (lie
652 2951 678 2998 ln
694 2949 761 2998 diem
783 2962 951 3012 renovamur,
963 2955 1024 3014 quia
1037 2953 1089 3005 fide
1102 2959 1200 3010 scimus

132 3024 199 3086 qubtl
210 3036 318 3088 presens
329 3023 384 3072 buc
396 3026 421 3069 et
438 3019 568 3069 celerrime
577 3021 715 3078 transiens,
724 3024 748 3067 et
762 3022 833 3078 quasi
848 3024 1041 3081 momentanea,
1054 3029 1080 3073 et
1094 3025 1200 3077 abunde

132 3093 194 3144 leris
208 3093 353 3149 tribulatio,
369 3102 446 3151 quum
459 3091 560 3149 propter
576 3092 685 3134 vacuam
705 3086 811 3135 salutem
832 3086 925 3147 beique
939 3086 1046 3149 gloriam
1063 3095 1198 3156 patimur,

131 3162 247 3225 producit
260 3163 288 3209 in
299 3159 385 3216 nobis,
397 3169 441 3205 seu
451 3155 523 3204 nobis
534 3159 644 3203 meretur
653 3154 764 3202 luturam
773 3155 876 3215 gloriam
884 3193 891 3213 ,
899 3157 1135 3219 incomparabiliter
1144 3176 1199 3214 m.

129 3234 211 3293 iorem
226 3234 251 3279 ct
261 3227 478 3282 excellentiorem,
490 3223 515 3271 id
529 3227 584 3283 est,
599 3229 717 3271 eremum
730 3224 817 3285 glorie
826 3225 933 3285 pondus.

161 3298 301 3362 Apostolica
311 3295 387 3345 rerba
401 3291 525 3354 perpende
535 3304 542 3333 τ
552 3305 661 3354 presens
671 3297 695 3340 et
707 3298 913 3341 momentaneum
926 3306 987 3343 cum
1006 3299 1123 3360 aeterno,
1141 3300 1197 3352 lere

130 3383 191 3419 curu
205 3368 289 3429 grnrl,
308 3363 497 3413 ambulationem
518 3374 577 3410 cum
595 3361 673 3423 gloria
689 3364 833 3423 componit;
848 3367 872 3410 et
895 3361 943 3411 boc
963 3376 1016 3413 uon
1036 3373 1195 3433 contentus,

128 3437 235 3487 alteram
245 3446 333 3482 rocem
342 3434 439 3493 juugit;
451 3444 556 3492 eamque
566 3431 678 3493 duplicat
689 3467 697 3489 ,
711 3431 770 3480 cum
784 3434 818 3479 ait
833 3451 840 3479 :
856 3433 942 3494 supro
953 3435 1059 3484 modurn
1073 3440 1101 3486 in
1111 3442 1196 3491 subli-

128 3507 231 3561 nu'tote,
249 3516 293 3551 seu
313 3501 513 3561 magnitudinem
534 3501 683 3550 excellenter
704 3500 883 3560 excellentem,
902 3502 939 3548 ait
959 3501 1192 3569 theophylactus:

128 3573 194 3622 urire
206 3583 282 3632 supra
297 3568 417 3625 modum,
428 3569 464 3616 ait
477 3569 605 3618 Erasmus

159 3635 332 3701 Syrus'autem
348 3639 384 3684 sie
400 3635 475 3684 babet
488 3655 496 3685 ε
508 3648 618 3698 namque
635 3638 761 3700 oppressio
779 3634 857 3696 hujus
870 3639 1005 3699 temporis,
1023 3639 1086 3692 licet
1103 3649 1194 3712 exigua

128 3713 152 3759 el
165 3707 290 3756 levissima
306 3708 355 3762 sit,
369 3705 473 3766 gloriam
485 3705 625 3765 infinitam,
636 3709 663 3754 in
676 3705 789 3754 seculum
802 3705 945 3754 seculorum
959 3714 1032 3770 parat
1044 3713 1130 3765 nobis.

161 3792 199 3839 18.
211 3789 264 3837 Nun
279 3788 498 3850 crintempluntibars
511 3788 583 3836 nobis
584 3822 633 3835 .....
645 3787 700 3836 ideo
711 3788 743 3836 ud
756 3788 808 3836 hirc
826 3791 1040 3852 praesertimque
1051 3797 1189 3854 videntur.

127 3871 180 3908 non
202 3861 360 3918 spectantum
372 3855 415 3903 sed
435 3855 467 3903 atl
492 3855 590 3912 lutura,
606 3868 661 3915 oure
681 3869 731 3903 non
749 3855 874 3903 ridentur.
894 3857 954 3913 Quo
968 3860 1036 3908 enim
1054 3865 1185 3923 utemur,

127 3924 276 3977 unromliu
298 3929 400 3974 suntet
417 3926 560 3974 transltorle
571 3944 578 3984 ;
590 3938 644 3987 que
664 3931 747 3974 autem
766 3937 815 3973 aon
830 3925 962 3986 eidam,
974 3936 1067 3982 nomn
1086 3942 1146 3985 um
1165 3938 1191 3984 α
