2512 4424
344 296 516 347 ratbhssx
534 297 753 351 expositio.
773 300 856 352 che.
877 301 931 353 til.
1112 304 1165 356 300

106 378 209 459 virtute
218 387 393 443 corroborari
404 404 454 456 per
466 389 548 456 Spirl-
600 389 645 438 liet
657 391 777 454 voblsper
786 395 970 443 incrementum
979 395 1065 456 gratia
1076 397 1101 444 et
1111 398 1164 458 spi-

108 468 168 514 tum
181 477 258 529 epus,
570 457 633 506 rittis
647 459 754 521 interni,
765 462 801 510 sle
811 463 980 522 corroborari,

108 538 136 590 in
150 540 309 595 interiorem
322 542 472 597 hominem.
570 611 577 657 i
599 543 744 659 Udtimtfflor
756 549 837 596 vester
849 547 926 596 homo
937 549 1060 599 robustior
1075 550 1165 600 evadat

580 624 595 658 n
639 624 673 662 es.

142 681 188 730 17.
200 677 337 732 Christum
354 681 477 735 hahitare
497 698 546 749 per
599 679 724 730 Coneedat
744 685 772 730 ut
789 694 833 744 per
849 682 924 732 iidem
940 683 1053 735 Christus
1069 684 1164 736 habitet

107 753 191 806 fldem
203 755 231 807 ῑῃ
244 758 374 811 cordibus
385 761 483 812 vespis
497 778 503 813 :
517 761 544 813 jn
570 751 596 798 in
619 751 735 801 cordibus
755 752 857 811 vestris,
871 753 974 813 sitisque
995 754 1022 801 in
1042 753 1165 804 charitate

106 831 241 884 charitate
260 834 374 887 radicati
384 841 411 888 et
424 835 543 902 fundati,
570 819 672 869 ffifflffifi
688 823 713 869 et
726 819 841 878 fundant

140 909 186 959 18.
201 910 234 961 ut
243 910 354 974 possitis
365 913 547 978 comprehen-
598 911 630 960 Ut
653 925 713 961 oum
742 911 859 960 omnibus
872 966 875 971 ,
887 909 1052 970 Christianis,
1072 913 1163 973 quibus

105 982 174 1037 dere
191 998 256 1038 cum
277 988 406 1040 omnebus
425 991 543 1054 sancus,
570 979 636 1028 idern
649 983 723 1041 opto,
735 980 835 1041 possitis
847 977 983 1039 intelligere
994 982 1110 1038 quasint
1123 981 1164 1029 dt·

105 1072 171 1125 quae
180 1061 543 1133 spppapipud0‚et10ng5[ud0'
568 1049 838 1098 mensionesbonitatis
848 1047 940 1098 divina
956 1049 983 1097 in
992 1051 1111 1109 mysterio
1123 1063 1164 1099 re-

106 1142 134 1189 et
145 1136 543 1208 sublimitas‚eppr0sundum3
568 1115 720 1230 (titffltioms
738 1114 872 1164 hominum
898 1118 924 1164 et
942 1117 1079 1166 rooatlonls
1098 1114 1164 1164 Gen-

138 1243 185 1294 19.
200 1241 278 1297 Scire
293 1244 376 1299 etiam
391 1248 546 1313 supereml-
599 1215 647 1299 Oro
658 1252 735 1300 etiam
749 1253 778 1299 ut
790 1251 889 1312 possttis
904 1247 977 1312 plene
990 1252 1069 1310 seire,
1080 1252 1105 1300 at
1117 1260 1163 1313 pro

104 1409 189 1456 restro
200 1408 299 1456 interno
309 1406 405 1458 habitet
418 1409 532 1462 Christus
543 1426 588 1475 per
604 1412 695 1476 iidem,
708 1418 733 1464 et
750 1417 777 1464 in
790 1415 905 1466 cordibus
922 1418 1011 1465 restris
1026 1428 1070 1478 per
1080 1417 1163 1466 ehari-

104 1478 184 1593 tatelm
192 1476 295 1593 ‚dstabili
306 1483 425 1595 {nonanta
435 1480 519 1530 radtee
531 1483 614 1532 vestri
625 1491 649 1532 et
660 1483 823 1534 fundamento
832 1488 929 1546 restro,
941 1488 971 1534 ut
981 1487 1080 1548 possitis
1091 1498 1163 1536 eom-

105 1556 149 1605 pre
170 1557 202 1593 en
220 1557 278 1606 ere,
292 1559 341 1597 ee.

135 1613 185 1662 Sed
194 1617 279 1664 nostra
290 1615 394 1678 Vulgata
405 1618 479 1681 plane
491 1620 627 1671 eoniormis
643 1626 680 1672 est
691 1622 793 1686 Graeco.
806 1628 830 1673 et
843 1624 874 1673 ad
890 1624 999 1674 litteram
1009 1627 1160 1674 seruasset:

137 1689 168 1738 ist
182 1689 319 1739 seeuaddm
329 1691 511 1743 abundantiam
524 1697 715 1756 misericordie,
728 1699 778 1759 qud
791 1696 923 1758 gloriatur,
942 1711 987 1747 seu
1007 1701 1080 1760 eujus
1097 1698 1163 1747 mui-

104 1757 188 1806 titudo
201 1761 226 1807 et
241 1760 388 1820 magnitudo
400 1765 492 1822 passim
507 1766 534 1813 in
545 1764 680 1825 seripturis
691 1766 857 1827 predicatur,

134 1827 182 1875 Det
197 1827 270 1876 vobis
284 1829 311 1876 in
328 1830 441 1878 interiori
459 1831 563 1880 homine
581 1837 677 1892 restro,
692 1833 719 1882 rd
732 1836 785 1893 est,
798 1835 825 1882 ln
840 1836 941 1894 mente,
956 1835 1048 1884 virtute
1060 1832 1106 1883 suh
1118 1846 1162 1897 per

105 1897 236 1959 Spiritum
247 1910 324 1946 suam
337 1900 507 1950 corroborari.

134 1965 164 2014 n.
179 1965 209 2013 15
220 1967 292 2027 petiit
302 1965 433 2027 Apostolus
442 1969 474 2017 ab
481 1968 595 2030 llpbestts
605 1981 637 2019 ne
648 1969 798 2030 detinerent,
808 1974 856 2020 eto.
868 1974 968 2032 propter
979 1969 1087 2019 liberum
1095 1969 1162 2019 arbi-

102 2038 198 2095 trium,
210 2036 247 2084 ait
255 2034 284 2084 b.
297 2035 467 2097 Augustinus,
481 2051 550 2087 nune
562 2038 629 2088 idem
641 2041 703 2101 petit.
712 2052 758 2102 pro
766 2042 825 2102 ipsis
835 2041 851 2089 d
866 2041 916 2089 beo
927 2041 1015 2100 Patre;
1026 2041 1085 2100 quia
1096 2039 1162 2088 arbi-

102 2107 184 2154 hlum
194 2105 250 2154 sine
260 2107 339 2165 gratia
352 2107 518 2168 mamiliali,
531 2108 643 2157 attidem
656 2115 772 2170 sanetus,
784 2123 860 2159 serm.
872 2115 896 2159 7.
909 2109 940 2158 de
950 2109 1031 2158 verbis
1041 2107 1160 2172 Apostoll.

133 2173 195 2223 Post
212 2184 287 2234 quem
310 2174 335 2223 S.
361 2174 506 2237 Anselmus,
529 2179 588 2238 quta
608 2177 746 2227 voluntatis
773 2179 906 2228 arbitrium
933 2177 1046 2238 habetis,
1068 2181 1125 2240 peto
1146 2178 1162 2226 d

102 2242 175 2292 vobis
185 2278 192 2303 ,
204 2245 251 2292 ete.
261 2241 306 2291 sed
318 2245 377 2302 quia
390 2245 460 2294 vobis
474 2257 526 2295 non
537 2245 629 2296 suffieit
640 2247 775 2296 arbitrium
791 2246 823 2295 ad
837 2245 994 2310 implendum
1009 2245 1076 2308 quod
1085 2250 1160 2309 peto,

103 2311 186 2373 bajus
197 2311 237 2360 rei
249 2311 335 2372 pretist
345 2312 444 2374 pleuto...

135 2399 174 2446 17.
186 2393 314 2444 chriam
327 2394 481 2448 babitare...
492 2398 530 2447 det
540 2398 611 2446 vobis
622 2399 749 2447 chrestum
761 2397 892 2456 babitare,
902 2397 929 2447 ld
939 2400 990 2458 est,
999 2408 1161 2460 permanere;

100 2477 148 2513 seu
161 2466 352 2526 perseveranter
362 2475 474 2514 manere.

132 2539 187 2587 Per
202 2537 278 2600 fidem
289 2539 392 2596 vivam,
406 2550 450 2586 seu
469 2537 591 2587 charitate
608 2542 763 2600 operantem.

134 2612 164 2660 br
181 2611 300 2661 cordibus
310 2612 412 2669 bamb,
423 2615 544 2672 tanquam
556 2611 691 2674 principali
704 2616 775 2676 parte
786 2613 914 2662 interioris
923 2610 1034 2661 hominis
1045 2612 1133 2659 vestris

132 2687 164 2747 lp
181 2685 306 2734 eberitote
321 2686 460 2735 radicati...

132 2755 178 2805 Vel
189 2753 360 2818 supplendum
370 2759 408 2804 est
420 2755 543 2815 verbum,
556 2758 584 2804 ut
595 2757 623 2804 in
633 2755 779 2819 paraphrasi
788 2791 795 2814 ‚
803 2755 944 2816 riteque...
956 2753 996 2803 vel
1005 2755 1160 2816 agnoseeuda

99 2825 217 2885 trajectio
229 2836 274 2885 per
287 2822 413 2884 quoddam
424 2822 593 2886 hyperbaton,
603 2823 700 2872 scilieet
708 2858 715 2882 ,
723 2826 752 2872 ut
762 2822 883 2872 oboritura
894 2822 1004 2871 ruditati
1013 2827 1035 2871 et
1046 2821 1160 2884 surdoe,

99 2894 205 2956 possitis
221 2891 455 2954 comprehendere...

131 2963 310 3012 Constantiam
318 2974 395 3022 quam
407 2961 521 3023 Ephesiis
531 2964 600 3023 optat
610 2961 707 3011 duabus
715 2962 832 3024 exprimit
842 2960 1059 3021 similitudinibus,
1066 2961 1162 3012 arboris

98 3031 212 3090 scilieet,
227 3031 256 3078 ln
266 3028 348 3078 altum
363 3029 458 3078 radices
473 3032 582 3090 agentis,
595 3033 620 3078 et
635 3029 735 3079 aediiioii
750 3031 813 3079 bene
826 3028 933 3078 fundati.

134 3117 172 3164 ta.
190 3115 221 3162 Ut
228 3112 333 3175 possitis
346 3111 576 3174 comprehendere...
586 3111 613 3160 id
623 3115 672 3172 est,
684 3112 883 3174 apprehendere,
893 3125 937 3173 per
949 3111 1024 3160 tidem
1035 3116 1059 3161 et
1070 3112 1162 3162 inteili-

97 3183 213 3245 gentiam
224 3180 343 3241 assequi,
357 3179 481 3240 qnantum
496 3179 539 3228 hle
551 3183 632 3242 potest
643 3180 720 3229 immo
735 3179 889 3241 spiritualis,
900 3183 1015 3240 sanetus,
1029 3179 1159 3242 perlaetus.

134 3258 196 3316 Quae
209 3257 245 3305 sit
259 3254 367 3304 latitudo
379 3259 401 3302 et
416 3253 572 3316 loapitudo...

130 3326 195 3386 Quia
209 3322 344 3373 indefinita
358 3323 395 3370 est
406 3323 558 3382 propositio,
576 3320 672 3371 nullius
688 3323 756 3371 enim
774 3323 811 3370 rei
832 3322 987 3370 mentionem
1003 3319 1084 3371 iaeitr
1100 3321 1162 3372 hino

97 3398 177 3446 saria
188 3397 251 3443 sunt
264 3392 484 3452 interpretationes
493 3426 500 3449 ‚
509 3403 572 3450 quas
584 3391 653 3452 apud
667 3390 812 3439 Cornelium
826 3390 998 3451 viderepotes.

130 3461 278 3512 Naturalior
289 3463 376 3509 autem
389 3459 455 3508 mihi
465 3461 520 3507 risa
539 3463 576 3507 est
593 3471 650 3519 quae
662 3462 689 3507 in
700 3460 862 3520 paraphrasi,
874 3460 933 3519 quia
948 3459 979 3509 de
989 3459 1029 3508 bis
1039 3463 1131 3522 agitur.

129 3531 175 3580 liei
186 3531 290 3579 bonitas
309 3529 336 3575 in
354 3530 445 3575 nostra
461 3526 640 3588 redemptionis
652 3531 677 3574 et
694 3528 831 3575 vocationis
844 3529 960 3588 mysterio
975 3527 1094 3578 latissima
1110 3533 1161 3588 est,

96 3601 131 3649 ad
143 3611 234 3648 omnes
248 3597 368 3645 homines
380 3608 406 3643 se
422 3595 558 3644 extendens
569 3615 576 3654 t
589 3595 732 3655 longissima
742 3596 752 3654 ,⁴
762 3597 789 3644 in
799 3598 884 3645 omnia
895 3595 978 3645 secula
995 3609 1048 3646 sese
1065 3598 1161 3647 dlliun-

96 3669 161 3718 dens
171 3665 407 3730 pproiundtssima,
419 3666 511 3725 quippe
521 3676 577 3723 qua
590 3663 733 3714 humillimi
748 3663 840 3714 Christi
855 3665 1011 3727 depressione
1022 3679 1067 3715 nos
1078 3667 1092 3715 e
1104 3678 1161 3728 pro·

96 3737 178 3786 tundo
201 3746 341 3797 poenarum
359 3731 522 3781 infernalium
542 3733 632 3794 abysso
654 3731 785 3794 liberavit;
797 3733 1034 3798 altissimasutpote
1054 3746 1108 3797 quar
1128 3732 1158 3782 ad

96 3804 174 3855 eoelos
188 3814 272 3864 usque
286 3813 333 3850 nos
348 3799 460 3850 attollit:
476 3801 606 3849 Consedere
619 3815 665 3850 reos
678 3801 774 3864 fecitte
788 3802 931 3852 eoebstibua.

130 3890 169 3936 19.
184 3885 259 3934 Scire
275 3883 352 3932 etiem
367 3884 587 3944 supereminentem
602 3883 721 3941 seientia,
738 3885 766 3932 in
785 3884 886 3944 dativo,
898 3884 923 3933 id
940 3889 978 3935 est
988 3923 995 3945 ,
1007 3892 1159 3953 quoesuper-

98 3955 197 4004 eminet
209 3953 341 4012 seientiae5
350 3963 395 4001 seu
408 3962 464 4013 que
478 3953 579 4015 superat
588 3962 690 4002 omnem
699 3953 832 4003 seientiam
844 3952 992 4003 humanam.
