<?xml version="1.0" encoding="UTF-8"?>
<!DOCTYPE html PUBLIC "-//W3C//DTD XHTML 1.0 Transitional//EN"
    "http://www.w3.org/TR/xhtml1/DTD/xhtml1-transitional.dtd">
<html xmlns="http://www.w3.org/1999/xhtml" xml:lang="en" lang="en">
 <head>
  <title>
</title>
<meta http-equiv="Content-Type" content="text/html;charset=utf-8" />
  <meta name='ocr-system' content='tesseract 3.04.00' />
  <meta name='ocr-capabilities' content='ocr_page ocr_carea ocr_par ocr_line ocrx_word'/>
</head>
<body>
  <div class='ocr_page' id='page_1' title='image "./epistolarumbpau01berngoog_0281.png"; bbox 0 0 2512 4424; ppageno 0'>
   <div class='ocr_carea' id='block_1_1' title="bbox 142 243 918 299">
    <p class='ocr_par' dir='ltr' id='par_1_1' title="bbox 142 243 918 299">
     <span class='ocr_line' id='line_1_1' title="bbox 142 243 918 299; baseline 0 -1"><span class='ocrx_word' id='word_1_1' title='bbox 142 245 196 298; x_wconf 75' lang='lat'><strong>272</strong></span> <span class='ocrx_word' id='word_1_2' title='bbox 431 244 638 299; x_wconf 75' lang='lat' dir='ltr'><strong>EPlSTOLAE</strong></span> <span class='ocrx_word' id='word_1_3' title='bbox 657 246 707 299; x_wconf 82' lang='lat' dir='ltr'><strong>AI)</strong></span> <span class='ocrx_word' id='word_1_4' title='bbox 724 243 918 299; x_wconf 74' lang='lat' dir='ltr'><strong>drussios</strong></span> 
     </span>
    </p>
   </div>
   <div class='ocr_carea' id='block_1_2' title="bbox 142 336 1206 746">
    <p class='ocr_par' dir='ltr' id='par_1_2' title="bbox 142 336 1204 606">
     <span class='ocr_line' id='line_1_2' title="bbox 172 336 1204 406; baseline 0.003 -19"><span class='ocrx_word' id='word_1_5' title='bbox 172 338 233 400; x_wconf 73' lang='lat' dir='ltr'><strong>Qun</strong></span> <span class='ocrx_word' id='word_1_6' title='bbox 249 340 329 400; x_wconf 72' lang='lat' dir='ltr'><strong>gratia</strong></span> <span class='ocrx_word' id='word_1_7' title='bbox 346 338 445 401; x_wconf 77' lang='lat' dir='ltr'><strong>copiose</strong></span> <span class='ocrx_word' id='word_1_8' title='bbox 461 343 487 389; x_wconf 88' lang='lat' dir='ltr'><strong>et</strong></span> <span class='ocrx_word' id='word_1_9' title='bbox 501 339 601 389; x_wconf 74' lang='lat' dir='ltr'><strong>abunde</strong></span> <span class='ocrx_word' id='word_1_10' title='bbox 615 340 630 388; x_wconf 84' lang='lat' dir='ltr'><strong>i</strong></span> <span class='ocrx_word' id='word_1_11' title='bbox 644 339 695 388; x_wconf 85' lang='lat' dir='ltr'><strong>lieu</strong></span> <span class='ocrx_word' id='word_1_12' title='bbox 713 340 740 387; x_wconf 92' lang='lat' dir='ltr'><strong>in</strong></span> <span class='ocrx_word' id='word_1_13' title='bbox 797 344 825 394; x_wconf 88' lang='lat'><strong>8.</strong></span> <span class='ocrx_word' id='word_1_14' title='bbox 840 342 908 404; x_wconf 66' lang='lat' dir='ltr'><strong>Quat</strong></span> <span class='ocrx_word' id='word_1_15' title='bbox 926 336 1163 406; x_wconf 64' lang='lat' dir='ltr'><strong>mmfnnffirit</strong></span> <span class='ocrx_word' id='word_1_16' title='bbox 1174 337 1204 390; x_wconf 85' lang='lat' dir='ltr'><strong>in</strong></span> 
     </span>
     <span class='ocr_line' id='line_1_3' title="bbox 142 408 1204 484; baseline 0.001 -26"><span class='ocrx_word' id='word_1_17' title='bbox 142 421 231 458; x_wconf 84' lang='lat' dir='ltr'><strong>omnes</strong></span> <span class='ocrx_word' id='word_1_18' title='bbox 250 408 352 469; x_wconf 81' lang='lat' dir='ltr'><strong>quidem</strong></span> <span class='ocrx_word' id='word_1_19' title='bbox 371 408 457 458; x_wconf 83' lang='lat' dir='ltr'><strong>fideles</strong></span> <span class='ocrx_word' id='word_1_20' title='bbox 475 409 555 459; x_wconf 82' lang='lat' dir='ltr'><strong>effusa</strong></span> <span class='ocrx_word' id='word_1_21' title='bbox 568 412 620 466; x_wconf 84' lang='lat' dir='ltr'><strong>est,</strong></span> <span class='ocrx_word' id='word_1_22' title='bbox 635 413 663 457; x_wconf 87' lang='lat' dir='ltr'><strong>at</strong></span> <span class='ocrx_word' id='word_1_23' title='bbox 677 420 741 470; x_wconf 65' lang='lat' dir='ltr'><strong>prae</strong></span> <span class='ocrx_word' id='word_1_24' title='bbox 763 420 846 473; x_wconf 53' lang='grc' dir='ltr'><strong>ηοω</strong></span> <span class='ocrx_word' id='word_1_25' title='bbox 880 420 911 472; x_wconf 67' lang='lat' dir='ltr'><strong>in</strong></span> <span class='ocrx_word' id='word_1_26' title='bbox 928 418 1006 472; x_wconf 66' lang='lat' dir='ltr'><strong>omi</strong></span> <span class='ocrx_word' id='word_1_27' title='bbox 1027 417 1164 484; x_wconf 59' lang='lat' dir='ltr'><strong>„pmcn</strong></span> <span class='ocrx_word' id='word_1_28' title='bbox 1176 422 1204 470; x_wconf 62' lang='grc' dir='ltr'><strong>α</strong></span> 
     </span>
     <span class='ocr_line' id='line_1_4' title="bbox 142 460 920 562; baseline 0.003 -37"><span class='ocrx_word' id='word_1_29' title='bbox 142 477 230 525; x_wconf 83' lang='lat' dir='ltr'><strong>sertim</strong></span> <span class='ocrx_word' id='word_1_30' title='bbox 241 479 269 524; x_wconf 93' lang='lat' dir='ltr'><strong>in</strong></span> <span class='ocrx_word' id='word_1_31' title='bbox 280 489 327 526; x_wconf 89' lang='lat' dir='ltr'><strong>nos</strong></span> <span class='ocrx_word' id='word_1_32' title='bbox 336 476 485 538; x_wconf 82' lang='lat' dir='ltr'><strong>Apostolos,</strong></span> <span class='ocrx_word' id='word_1_33' title='bbox 502 489 565 537; x_wconf 77' lang='lat' dir='ltr'><strong>quos</strong></span> <span class='ocrx_word' id='word_1_34' title='bbox 575 478 654 526; x_wconf 84' lang='lat' dir='ltr'><strong>etiam</strong></span> <span class='ocrx_word' id='word_1_35' title='bbox 670 478 740 526; x_wconf 89' lang='lat' dir='ltr'><strong>omui</strong></span> <span class='ocrx_word' id='word_1_36' title='bbox 763 460 920 562; x_wconf 48' lang='lat' dir='ltr'><strong>pmdefifia·</strong></span> 
     </span>
     <span class='ocr_line' id='line_1_5' title="bbox 143 542 572 606; baseline -0.002 -14"><span class='ocrx_word' id='word_1_37' title='bbox 143 544 266 605; x_wconf 69' lang='lat' dir='ltr'><strong>sapientiai</strong></span> <span class='ocrx_word' id='word_1_38' title='bbox 276 547 302 592; x_wconf 88' lang='lat' dir='ltr'><strong>et</strong></span> <span class='ocrx_word' id='word_1_39' title='bbox 312 543 446 605; x_wconf 82' lang='lat' dir='ltr'><strong>prudentii</strong></span> <span class='ocrx_word' id='word_1_40' title='bbox 458 542 572 606; x_wconf 84' lang='lat' dir='ltr'><strong>replerit.</strong></span> 
     </span>
    </p>

    <p class='ocr_par' dir='ltr' id='par_1_3' title="bbox 143 602 1206 746">
     <span class='ocr_line' id='line_1_6' title="bbox 174 602 1206 669; baseline -0.003 -11"><span class='ocrx_word' id='word_1_41' title='bbox 174 609 299 668; x_wconf 86' lang='lat' dir='ltr'><strong>litnobis,</strong></span> <span class='ocrx_word' id='word_1_42' title='bbox 310 608 380 658; x_wconf 84' lang='lat' dir='ltr'><strong>velut</strong></span> <span class='ocrx_word' id='word_1_43' title='bbox 395 609 454 658; x_wconf 87' lang='lat' dir='ltr'><strong>filiis</strong></span> <span class='ocrx_word' id='word_1_44' title='bbox 465 612 535 669; x_wconf 86' lang='lat' dir='ltr'><strong>suis,</strong></span> <span class='ocrx_word' id='word_1_45' title='bbox 547 614 638 659; x_wconf 87' lang='lat' dir='ltr'><strong>nolum</strong></span> <span class='ocrx_word' id='word_1_46' title='bbox 648 609 741 659; x_wconf 85' lang='lat' dir='ltr'><strong>faceret</strong></span> <span class='ocrx_word' id='word_1_47' title='bbox 799 611 826 661; x_wconf 89' lang='grc'><strong>9.</strong></span> <span class='ocrx_word' id='word_1_48' title='bbox 836 608 870 659; x_wconf 85' lang='lat' dir='ltr'><strong>Ut</strong></span> <span class='ocrx_word' id='word_1_49' title='bbox 881 611 980 658; x_wconf 88' lang='lat' dir='ltr'><strong>nolum</strong></span> <span class='ocrx_word' id='word_1_50' title='bbox 1002 605 1108 658; x_wconf 80' lang='lat' dir='ltr'><strong>faceret</strong></span> <span class='ocrx_word' id='word_1_51' title='bbox 1126 602 1206 656; x_wconf 81' lang='lat' dir='ltr'><strong>nobit</strong></span> 
     </span>
     <span class='ocr_line' id='line_1_7' title="bbox 143 676 1205 746; baseline 0.004 -20"><span class='ocrx_word' id='word_1_52' title='bbox 143 689 265 726; x_wconf 82' lang='lat' dir='ltr'><strong>arcanum</strong></span> <span class='ocrx_word' id='word_1_53' title='bbox 275 676 574 728; x_wconf 77' lang='lat' dir='ltr'><strong>dirmaesuaeroluntatis</strong></span> <span class='ocrx_word' id='word_1_54' title='bbox 581 681 741 740; x_wconf 75' lang='lat' dir='ltr'><strong>mysterium,</strong></span> <span class='ocrx_word' id='word_1_55' title='bbox 764 692 969 740; x_wconf 65' lang='lat' dir='ltr'><strong>sacramentum</strong></span> <span class='ocrx_word' id='word_1_56' title='bbox 980 683 1205 746; x_wconf 66' lang='lat' dir='ltr'><strong>voluntariam,</strong></span> 
     </span>
    </p>
   </div>
   <div class='ocr_carea' id='block_1_3' title="bbox 142 841 1206 2226">
    <p class='ocr_par' dir='ltr' id='par_1_4' title="bbox 142 841 1206 1042">
     <span class='ocr_line' id='line_1_8' title="bbox 174 841 1206 906; baseline -0.005 -15"><span class='ocrx_word' id='word_1_57' title='bbox 174 841 223 891; x_wconf 86' lang='lat' dir='ltr'><strong>Sed</strong></span> <span class='ocrx_word' id='word_1_58' title='bbox 235 845 261 891; x_wconf 89' lang='lat' dir='ltr'><strong>et</strong></span> <span class='ocrx_word' id='word_1_59' title='bbox 277 841 339 891; x_wconf 85' lang='lat' dir='ltr'><strong>hine</strong></span> <span class='ocrx_word' id='word_1_60' title='bbox 352 842 439 904; x_wconf 80' lang='lat' dir='ltr'><strong>cndige</strong></span> <span class='ocrx_word' id='word_1_61' title='bbox 449 881 457 904; x_wconf 93' lang='lat'><strong>,</strong></span> <span class='ocrx_word' id='word_1_62' title='bbox 469 843 537 905; x_wconf 79' lang='lat' dir='ltr'><strong>qnod</strong></span> <span class='ocrx_word' id='word_1_63' title='bbox 550 846 572 893; x_wconf 89' lang='lat' dir='ltr'><strong>si</strong></span> <span class='ocrx_word' id='word_1_64' title='bbox 590 856 636 906; x_wconf 91' lang='lat' dir='ltr'><strong>pro</strong></span> <span class='ocrx_word' id='word_1_65' title='bbox 648 843 767 892; x_wconf 89' lang='lat' dir='ltr'><strong>omuibus</strong></span> <span class='ocrx_word' id='word_1_66' title='bbox 779 841 969 904; x_wconf 79' lang='lat' dir='ltr'><strong>peccatoribus,</strong></span> <span class='ocrx_word' id='word_1_67' title='bbox 984 843 1012 889; x_wconf 89' lang='lat' dir='ltr'><strong>et</strong></span> <span class='ocrx_word' id='word_1_68' title='bbox 1025 841 1206 900; x_wconf 77' lang='lat' dir='ltr'><strong>consequenter</strong></span> 
     </span>
     <span class='ocr_line' id='line_1_9' title="bbox 143 906 1205 970; baseline -0.003 -12"><span class='ocrx_word' id='word_1_69' title='bbox 143 908 271 970; x_wconf 85' lang='lat' dir='ltr'><strong>hostibus,</strong></span> <span class='ocrx_word' id='word_1_70' title='bbox 279 912 333 959; x_wconf 86' lang='lat' dir='ltr'><strong>suis</strong></span> <span class='ocrx_word' id='word_1_71' title='bbox 343 911 408 960; x_wconf 87' lang='lat' dir='ltr'><strong>liens</strong></span> <span class='ocrx_word' id='word_1_72' title='bbox 416 911 508 961; x_wconf 72' lang='lat' dir='ltr'><strong>Filium</strong></span> <span class='ocrx_word' id='word_1_73' title='bbox 519 926 595 962; x_wconf 89' lang='lat' dir='ltr'><strong>suum</strong></span> <span class='ocrx_word' id='word_1_74' title='bbox 605 911 675 961; x_wconf 80' lang='lat' dir='ltr'>dedit</span> <span class='ocrx_word' id='word_1_75' title='bbox 683 911 711 959; x_wconf 89' lang='lat' dir='ltr'><strong>in</strong></span> <span class='ocrx_word' id='word_1_76' title='bbox 724 917 833 960; x_wconf 90' lang='lat' dir='ltr'><strong>mortem</strong></span> <span class='ocrx_word' id='word_1_77' title='bbox 839 928 848 969; x_wconf 70' lang='grc' dir='ltr'><strong><em>ς</em></strong></span> <span class='ocrx_word' id='word_1_78' title='bbox 859 908 922 970; x_wconf 83' lang='lat' dir='ltr'><strong>quid</strong></span> <span class='ocrx_word' id='word_1_79' title='bbox 930 921 984 958; x_wconf 90' lang='lat' dir='ltr'><strong>non</strong></span> <span class='ocrx_word' id='word_1_80' title='bbox 993 907 1072 956; x_wconf 88' lang='lat' dir='ltr'><strong>faciet</strong></span> <span class='ocrx_word' id='word_1_81' title='bbox 1080 919 1128 970; x_wconf 88' lang='lat' dir='ltr'><strong>pro</strong></span> <span class='ocrx_word' id='word_1_82' title='bbox 1138 906 1205 956; x_wconf 84' lang='lat' dir='ltr'><strong>nobit</strong></span> 
     </span>
     <span class='ocr_line' id='line_1_10' title="bbox 142 979 575 1042; baseline 0 -12"><span class='ocrx_word' id='word_1_83' title='bbox 142 979 194 1030; x_wconf 83' lang='lat' dir='ltr'><strong>lieo</strong></span> <span class='ocrx_word' id='word_1_84' title='bbox 206 993 252 1042; x_wconf 88' lang='lat' dir='ltr'><strong>per</strong></span> <span class='ocrx_word' id='word_1_85' title='bbox 265 984 373 1042; x_wconf 80' lang='lat' dir='ltr'><strong>gratiam</strong></span> <span class='ocrx_word' id='word_1_86' title='bbox 385 981 575 1031; x_wconf 74' lang='lat' dir='ltr'><strong>reconciliatis?</strong></span> 
     </span>
    </p>

    <p class='ocr_par' dir='ltr' id='par_1_5' title="bbox 142 1049 1205 1319">
     <span class='ocr_line' id='line_1_11' title="bbox 177 1049 1204 1117; baseline -0.007 -12"><span class='ocrx_word' id='word_1_87' title='bbox 177 1055 238 1114; x_wconf 75' lang='lat' dir='ltr'><strong>osa</strong></span> <span class='ocrx_word' id='word_1_88' title='bbox 255 1055 473 1117; x_wconf 76' lang='lat' dir='ltr'><strong>rupembuoduvit</strong></span> <span class='ocrx_word' id='word_1_89' title='bbox 490 1055 518 1104; x_wconf 80' lang='lat' dir='ltr'><strong>io</strong></span> <span class='ocrx_word' id='word_1_90' title='bbox 533 1056 621 1113; x_wconf 79' lang='lat' dir='ltr'><strong>nobis,</strong></span> <span class='ocrx_word' id='word_1_91' title='bbox 635 1054 662 1103; x_wconf 93' lang='lat' dir='ltr'><strong>ld</strong></span> <span class='ocrx_word' id='word_1_92' title='bbox 679 1057 731 1114; x_wconf 86' lang='lat' dir='ltr'><strong>est,</strong></span> <span class='ocrx_word' id='word_1_93' title='bbox 745 1066 802 1114; x_wconf 77' lang='lat' dir='ltr'><strong>qua</strong></span> <span class='ocrx_word' id='word_1_94' title='bbox 814 1054 895 1114; x_wconf 80' lang='lat' dir='ltr'><strong>gratia</strong></span> <span class='ocrx_word' id='word_1_95' title='bbox 908 1051 1049 1103; x_wconf 84' lang='lat' dir='ltr'><strong>abundarit</strong></span> <span class='ocrx_word' id='word_1_96' title='bbox 1060 1049 1165 1112; x_wconf 73' lang='lat' dir='ltr'><strong>quidun</strong></span> <span class='ocrx_word' id='word_1_97' title='bbox 1182 1053 1204 1098; x_wconf 87' lang='lat' dir='ltr'><strong>et</strong></span> 
     </span>
     <span class='ocr_line' id='line_1_12' title="bbox 142 1117 1205 1183; baseline -0.004 -12"><span class='ocrx_word' id='word_1_98' title='bbox 142 1122 256 1172; x_wconf 76' lang='lat' dir='ltr'><strong>abundat</strong></span> <span class='ocrx_word' id='word_1_99' title='bbox 273 1125 300 1172; x_wconf 91' lang='lat' dir='ltr'><strong>in</strong></span> <span class='ocrx_word' id='word_1_100' title='bbox 318 1124 437 1172; x_wconf 89' lang='lat' dir='ltr'><strong>omuibus</strong></span> <span class='ocrx_word' id='word_1_101' title='bbox 454 1123 603 1172; x_wconf 82' lang='lat' dir='ltr'><strong>Christianis</strong></span> <span class='ocrx_word' id='word_1_102' title='bbox 614 1143 622 1182; x_wconf 84' lang='lat'><strong>;</strong></span> <span class='ocrx_word' id='word_1_103' title='bbox 633 1127 661 1172; x_wconf 87' lang='lat' dir='ltr'><strong>at</strong></span> <span class='ocrx_word' id='word_1_104' title='bbox 674 1123 703 1170; x_wconf 83' lang='lat' dir='ltr'><strong>io</strong></span> <span class='ocrx_word' id='word_1_105' title='bbox 714 1123 788 1170; x_wconf 77' lang='lat' dir='ltr'><strong>aubis</strong></span> <span class='ocrx_word' id='word_1_106' title='bbox 805 1123 944 1183; x_wconf 80' lang='lat' dir='ltr'><strong>praesertim</strong></span> <span class='ocrx_word' id='word_1_107' title='bbox 955 1118 1098 1182; x_wconf 83' lang='lat' dir='ltr'><strong>Apostoiis,</strong></span> <span class='ocrx_word' id='word_1_108' title='bbox 1110 1123 1138 1168; x_wconf 81' lang='lat' dir='ltr'><strong>et</strong></span> <span class='ocrx_word' id='word_1_109' title='bbox 1153 1117 1205 1167; x_wconf 86' lang='lat' dir='ltr'><strong>aliis</strong></span> 
     </span>
     <span class='ocr_line' id='line_1_13' title="bbox 144 1187 1205 1254; baseline -0.005 -12"><span class='ocrx_word' id='word_1_110' title='bbox 144 1193 295 1254; x_wconf 81' lang='lat' dir='ltr'><strong>quibusdam</strong></span> <span class='ocrx_word' id='word_1_111' title='bbox 305 1193 413 1254; x_wconf 79' lang='lat' dir='ltr'><strong>Spiritus</strong></span> <span class='ocrx_word' id='word_1_112' title='bbox 424 1193 548 1253; x_wconf 75' lang='lat' dir='ltr'><strong>priminas</strong></span> <span class='ocrx_word' id='word_1_113' title='bbox 557 1191 722 1250; x_wconf 74' lang='lat' dir='ltr'>habentibus,</span> <span class='ocrx_word' id='word_1_114' title='bbox 730 1192 947 1253; x_wconf 77' lang='lat' dir='ltr'><strong>rupembondaoit</strong></span> <span class='ocrx_word' id='word_1_115' title='bbox 962 1211 973 1240; x_wconf 85' lang='lat'><strong>.-</strong></span> <span class='ocrx_word' id='word_1_116' title='bbox 982 1187 1113 1252; x_wconf 80' lang='lat' dir='ltr'><strong>oopiosida</strong></span> <span class='ocrx_word' id='word_1_117' title='bbox 1122 1190 1152 1237; x_wconf 86' lang='lat' dir='ltr'><strong>in</strong></span> <span class='ocrx_word' id='word_1_118' title='bbox 1163 1199 1205 1238; x_wconf 86' lang='lat' dir='ltr'><strong>nos</strong></span> 
     </span>
     <span class='ocr_line' id='line_1_14' title="bbox 143 1261 468 1319; baseline -0.006 -9"><span class='ocrx_word' id='word_1_119' title='bbox 143 1263 160 1310; x_wconf 82' lang='lat' dir='ltr'><strong>i</strong></span> <span class='ocrx_word' id='word_1_120' title='bbox 172 1262 223 1310; x_wconf 86' lang='lat' dir='ltr'><strong>lieu</strong></span> <span class='ocrx_word' id='word_1_121' title='bbox 234 1261 315 1310; x_wconf 74' lang='lat' dir='ltr'><strong>effusa</strong></span> <span class='ocrx_word' id='word_1_122' title='bbox 328 1264 367 1309; x_wconf 86' lang='lat' dir='ltr'><strong>est</strong></span> <span class='ocrx_word' id='word_1_123' title='bbox 379 1261 468 1319; x_wconf 68' lang='lat' dir='ltr'><strong>gratia</strong></span> 
     </span>
    </p>

    <p class='ocr_par' dir='ltr' id='par_1_6' title="bbox 143 1323 1204 1462">
     <span class='ocr_line' id='line_1_15' title="bbox 175 1323 1204 1391; baseline -0.005 -12"><span class='ocrx_word' id='word_1_124' title='bbox 175 1331 205 1379; x_wconf 92' lang='lat' dir='ltr'><strong>in</strong></span> <span class='ocrx_word' id='word_1_125' title='bbox 216 1332 286 1379; x_wconf 90' lang='lat' dir='ltr'><strong>omni</strong></span> <span class='ocrx_word' id='word_1_126' title='bbox 297 1330 421 1391; x_wconf 76' lang='lat' dir='ltr'>sapientia</span> <span class='ocrx_word' id='word_1_127' title='bbox 434 1333 460 1377; x_wconf 87' lang='lat' dir='ltr'><strong>et</strong></span> <span class='ocrx_word' id='word_1_128' title='bbox 472 1327 621 1391; x_wconf 87' lang='lat' dir='ltr'><strong>prudentia,</strong></span> <span class='ocrx_word' id='word_1_129' title='bbox 631 1341 696 1391; x_wconf 80' lang='lat' dir='ltr'><strong>quos</strong></span> <span class='ocrx_word' id='word_1_130' title='bbox 711 1331 791 1378; x_wconf 89' lang='lat' dir='ltr'><strong>etiam</strong></span> <span class='ocrx_word' id='word_1_131' title='bbox 804 1330 877 1378; x_wconf 89' lang='lat' dir='ltr'><strong>omui</strong></span> <span class='ocrx_word' id='word_1_132' title='bbox 892 1327 1017 1390; x_wconf 81' lang='lat' dir='ltr'><strong>sapientia</strong></span> <span class='ocrx_word' id='word_1_133' title='bbox 1034 1330 1062 1376; x_wconf 86' lang='lat' dir='ltr'><strong>et</strong></span> <span class='ocrx_word' id='word_1_134' title='bbox 1075 1323 1204 1389; x_wconf 83' lang='lat' dir='ltr'><strong>prudentii</strong></span> 
     </span>
     <span class='ocr_line' id='line_1_16' title="bbox 143 1399 258 1462; baseline -0.009 -12"><span class='ocrx_word' id='word_1_135' title='bbox 143 1399 258 1462; x_wconf 77' lang='lat' dir='ltr'><strong>replerit.</strong></span> 
     </span>
    </p>

    <p class='ocr_par' dir='ltr' id='par_1_7' title="bbox 144 1469 1203 1604">
     <span class='ocr_line' id='line_1_17' title="bbox 177 1469 1203 1535; baseline -0.003 -13"><span class='ocrx_word' id='word_1_136' title='bbox 177 1474 309 1535; x_wconf 80' lang='lat' dir='ltr'><strong>Sapientia</strong></span> <span class='ocrx_word' id='word_1_137' title='bbox 321 1477 359 1522; x_wconf 84' lang='lat' dir='ltr'><strong>est</strong></span> <span class='ocrx_word' id='word_1_138' title='bbox 370 1484 457 1521; x_wconf 88' lang='lat' dir='ltr'><strong>rerum</strong></span> <span class='ocrx_word' id='word_1_139' title='bbox 470 1471 615 1522; x_wconf 77' lang='lat' dir='ltr'><strong>divinarum</strong></span> <span class='ocrx_word' id='word_1_140' title='bbox 632 1475 751 1534; x_wconf 75' lang='lat' dir='ltr'><strong>cognitio</strong></span> <span class='ocrx_word' id='word_1_141' title='bbox 769 1473 910 1522; x_wconf 76' lang='lat' dir='ltr'><strong>Prudentia</strong></span> <span class='ocrx_word' id='word_1_142' title='bbox 920 1483 981 1522; x_wconf 83' lang='lat' dir='ltr'><strong>rero</strong></span> <span class='ocrx_word' id='word_1_143' title='bbox 994 1469 1134 1520; x_wconf 88' lang='lat' dir='ltr'><strong>moralium</strong></span> <span class='ocrx_word' id='word_1_144' title='bbox 1144 1506 1152 1530; x_wconf 89' lang='lat'><strong>,</strong></span> <span class='ocrx_word' id='word_1_145' title='bbox 1164 1479 1203 1519; x_wconf 63' lang='lat' dir='ltr'><strong>mu</strong></span> 
     </span>
     <span class='ocr_line' id='line_1_18' title="bbox 144 1542 1177 1604; baseline -0.006 -14"><span class='ocrx_word' id='word_1_146' title='bbox 144 1542 309 1604; x_wconf 75' lang='lat' dir='ltr'><strong>agendarum.</strong></span> <span class='ocrx_word' id='word_1_147' title='bbox 1174 1581 1177 1584; x_wconf 11' lang='grc' dir='ltr'><em>Δ</em></span> 
     </span>
    </p>

    <p class='ocr_par' dir='ltr' id='par_1_8' title="bbox 144 1607 1203 1800">
     <span class='ocr_line' id='line_1_19' title="bbox 176 1607 1203 1673; baseline -0.003 -14"><span class='ocrx_word' id='word_1_148' title='bbox 176 1610 300 1673; x_wconf 88' lang='lat' dir='ltr'><strong>Apostolis</strong></span> <span class='ocrx_word' id='word_1_149' title='bbox 313 1613 418 1668; x_wconf 89' lang='lat' dir='ltr'><strong>autem,</strong></span> <span class='ocrx_word' id='word_1_150' title='bbox 434 1607 605 1659; x_wconf 79' lang='lat' dir='ltr'><strong>Ecclestarum</strong></span> <span class='ocrx_word' id='word_1_151' title='bbox 623 1608 816 1669; x_wconf 75' lang='lat' dir='ltr'><strong>fundatoribus,</strong></span> <span class='ocrx_word' id='word_1_152' title='bbox 835 1610 902 1659; x_wconf 79' lang='lat' dir='ltr'><strong>heus</strong></span> <span class='ocrx_word' id='word_1_153' title='bbox 918 1608 1097 1673; x_wconf 71' lang='lat' dir='ltr'><strong>perfectiorem</strong></span> <span class='ocrx_word' id='word_1_154' title='bbox 1112 1607 1203 1656; x_wconf 73' lang='lat' dir='ltr'><strong>muno</strong></span> 
     </span>
     <span class='ocr_line' id='line_1_20' title="bbox 144 1678 1203 1742; baseline -0.005 -13"><span class='ocrx_word' id='word_1_155' title='bbox 144 1694 204 1730; x_wconf 89' lang='lat' dir='ltr'><strong>rum</strong></span> <span class='ocrx_word' id='word_1_156' title='bbox 219 1682 398 1742; x_wconf 76' lang='lat' dir='ltr'><strong>mysteriorum</strong></span> <span class='ocrx_word' id='word_1_157' title='bbox 416 1681 586 1742; x_wconf 76' lang='lat' dir='ltr'><strong>coguitionem</strong></span> <span class='ocrx_word' id='word_1_158' title='bbox 599 1679 669 1739; x_wconf 85' lang='lat' dir='ltr'><strong>dedit</strong></span> <span class='ocrx_word' id='word_1_159' title='bbox 680 1685 706 1729; x_wconf 92' lang='lat' dir='ltr'><strong>et</strong></span> <span class='ocrx_word' id='word_1_160' title='bbox 718 1679 928 1741; x_wconf 82' lang='lat' dir='ltr'><strong>intelligentiam,</strong></span> <span class='ocrx_word' id='word_1_161' title='bbox 940 1683 969 1728; x_wconf 90' lang='lat' dir='ltr'><strong>ut</strong></span> <span class='ocrx_word' id='word_1_162' title='bbox 980 1678 1045 1727; x_wconf 87' lang='lat' dir='ltr'><strong>alios</strong></span> <span class='ocrx_word' id='word_1_163' title='bbox 1055 1678 1203 1728; x_wconf 77' lang='lat' dir='ltr'><strong>instruerent</strong></span> 
     </span>
     <span class='ocr_line' id='line_1_21' title="bbox 146 1750 250 1800; baseline 0.01 -1"><span class='ocrx_word' id='word_1_164' title='bbox 146 1754 175 1800; x_wconf 87' lang='lat' dir='ltr'><strong>in</strong></span> <span class='ocrx_word' id='word_1_165' title='bbox 192 1750 250 1800; x_wconf 85' lang='lat' dir='ltr'><strong>tide.</strong></span> 
     </span>
    </p>

    <p class='ocr_par' dir='ltr' id='par_1_9' title="bbox 146 1815 1202 1952">
     <span class='ocr_line' id='line_1_22' title="bbox 175 1815 1202 1882; baseline -0.006 -12"><span class='ocrx_word' id='word_1_166' title='bbox 175 1821 248 1870; x_wconf 88' lang='lat' dir='ltr'><strong>liedit</strong></span> <span class='ocrx_word' id='word_1_167' title='bbox 261 1825 288 1870; x_wconf 86' lang='lat' dir='ltr'><strong>et</strong></span> <span class='ocrx_word' id='word_1_168' title='bbox 304 1822 426 1881; x_wconf 83' lang='lat' dir='ltr'><strong>majorem</strong></span> <span class='ocrx_word' id='word_1_169' title='bbox 447 1819 607 1882; x_wconf 84' lang='lat' dir='ltr'><strong>prudentiam</strong></span> <span class='ocrx_word' id='word_1_170' title='bbox 617 1854 626 1878; x_wconf 90' lang='lat'><strong>,</strong></span> <span class='ocrx_word' id='word_1_171' title='bbox 636 1824 666 1870; x_wconf 89' lang='lat' dir='ltr'><strong>ut</strong></span> <span class='ocrx_word' id='word_1_172' title='bbox 677 1819 800 1868; x_wconf 77' lang='lat' dir='ltr'><strong>dcclosias</strong></span> <span class='ocrx_word' id='word_1_173' title='bbox 810 1818 922 1869; x_wconf 68' lang='lat' dir='ltr'><strong>mnetirh</strong></span> <span class='ocrx_word' id='word_1_174' title='bbox 938 1821 1057 1880; x_wconf 82' lang='lat' dir='ltr'><strong>regerent</strong></span> <span class='ocrx_word' id='word_1_175' title='bbox 1067 1820 1095 1866; x_wconf 87' lang='lat' dir='ltr'><strong>et</strong></span> <span class='ocrx_word' id='word_1_176' title='bbox 1106 1815 1139 1866; x_wconf 85' lang='lat' dir='ltr'><strong>de</strong></span> <span class='ocrx_word' id='word_1_177' title='bbox 1153 1827 1202 1864; x_wconf 90' lang='lat' dir='ltr'><strong>om-</strong></span> 
     </span>
     <span class='ocr_line' id='line_1_23' title="bbox 146 1889 827 1952; baseline 0 -14"><span class='ocrx_word' id='word_1_178' title='bbox 146 1889 222 1939; x_wconf 88' lang='lat' dir='ltr'><strong>nibus</strong></span> <span class='ocrx_word' id='word_1_179' title='bbox 232 1892 259 1938; x_wconf 92' lang='lat' dir='ltr'><strong>in</strong></span> <span class='ocrx_word' id='word_1_180' title='bbox 271 1903 347 1952; x_wconf 79' lang='lat' dir='ltr'><strong>reguo</strong></span> <span class='ocrx_word' id='word_1_181' title='bbox 360 1890 404 1938; x_wconf 85' lang='lat' dir='ltr'><strong>liei</strong></span> <span class='ocrx_word' id='word_1_182' title='bbox 415 1889 519 1951; x_wconf 82' lang='lat' dir='ltr'><strong>agendis</strong></span> <span class='ocrx_word' id='word_1_183' title='bbox 529 1889 643 1937; x_wconf 68' lang='lat' dir='ltr'><strong>weurius</strong></span> <span class='ocrx_word' id='word_1_184' title='bbox 658 1889 827 1950; x_wconf 84' lang='lat' dir='ltr'><strong>providerent.</strong></span> 
     </span>
    </p>

    <p class='ocr_par' dir='ltr' id='par_1_10' title="bbox 146 1954 1202 2226">
     <span class='ocr_line' id='line_1_24' title="bbox 176 1954 1202 2023; baseline -0.006 -13"><span class='ocrx_word' id='word_1_185' title='bbox 176 1960 234 2010; x_wconf 72' lang='lat' dir='ltr'><strong>fiac</strong></span> <span class='ocrx_word' id='word_1_186' title='bbox 247 1968 333 2010; x_wconf 86' lang='lat' dir='ltr'><strong>autem</strong></span> <span class='ocrx_word' id='word_1_187' title='bbox 343 1959 476 2023; x_wconf 77' lang='lat' dir='ltr'><strong>Apostolus</strong></span> <span class='ocrx_word' id='word_1_188' title='bbox 491 1958 523 2006; x_wconf 84' lang='lat' dir='ltr'><strong>de</strong></span> <span class='ocrx_word' id='word_1_189' title='bbox 536 1971 563 2006; x_wconf 83' lang='lat' dir='ltr'><strong>se</strong></span> <span class='ocrx_word' id='word_1_190' title='bbox 575 1962 601 2006; x_wconf 86' lang='lat' dir='ltr'><strong>et</strong></span> <span class='ocrx_word' id='word_1_191' title='bbox 611 1957 669 2006; x_wconf 86' lang='lat' dir='ltr'><strong>aliis</strong></span> <span class='ocrx_word' id='word_1_192' title='bbox 681 1957 819 2018; x_wconf 90' lang='lat' dir='ltr'><strong>Apostoiis,</strong></span> <span class='ocrx_word' id='word_1_193' title='bbox 836 1957 905 2020; x_wconf 87' lang='lat' dir='ltr'><strong>apud</strong></span> <span class='ocrx_word' id='word_1_194' title='bbox 915 1956 1039 2019; x_wconf 80' lang='lat' dir='ltr'><strong>Ephesios</strong></span> <span class='ocrx_word' id='word_1_195' title='bbox 1055 1954 1137 2005; x_wconf 73' lang='lat' dir='ltr'><strong>liberi</strong></span> <span class='ocrx_word' id='word_1_196' title='bbox 1145 1965 1202 2017; x_wconf 75' lang='lat' dir='ltr'><strong>pru-</strong></span> 
     </span>
     <span class='ocr_line' id='line_1_25' title="bbox 146 2023 1201 2090; baseline -0.004 -13"><span class='ocrx_word' id='word_1_197' title='bbox 146 2027 223 2087; x_wconf 83' lang='lat' dir='ltr'><strong>dicat,</strong></span> <span class='ocrx_word' id='word_1_198' title='bbox 232 2030 293 2089; x_wconf 81' lang='lat' dir='ltr'><strong>quia</strong></span> <span class='ocrx_word' id='word_1_199' title='bbox 306 2029 398 2090; x_wconf 82' lang='lat' dir='ltr'><strong>Ephesi</strong></span> <span class='ocrx_word' id='word_1_200' title='bbox 409 2027 514 2089; x_wconf 90' lang='lat' dir='ltr'><strong>plurimi</strong></span> <span class='ocrx_word' id='word_1_201' title='bbox 525 2030 599 2073; x_wconf 83' lang='lat' dir='ltr'><strong>erant</strong></span> <span class='ocrx_word' id='word_1_202' title='bbox 608 2025 761 2088; x_wconf 84' lang='lat' dir='ltr'><strong>philosophi,</strong></span> <span class='ocrx_word' id='word_1_203' title='bbox 770 2029 815 2088; x_wconf 81' lang='lat' dir='ltr'><strong>qui</strong></span> <span class='ocrx_word' id='word_1_204' title='bbox 830 2039 858 2074; x_wconf 89' lang='lat' dir='ltr'><strong>se</strong></span> <span class='ocrx_word' id='word_1_205' title='bbox 868 2025 934 2074; x_wconf 88' lang='lat' dir='ltr'><strong>solos</strong></span> <span class='ocrx_word' id='word_1_206' title='bbox 944 2027 1073 2085; x_wconf 86' lang='lat' dir='ltr'><strong>sapientes</strong></span> <span class='ocrx_word' id='word_1_207' title='bbox 1082 2023 1201 2079; x_wconf 62' lang='lat' dir='ltr'><strong>dicebat,</strong></span> 
     </span>
     <span class='ocr_line' id='line_1_26' title="bbox 146 2093 1202 2156; baseline -0.002 -12"><span class='ocrx_word' id='word_1_208' title='bbox 146 2109 210 2156; x_wconf 85' lang='lat' dir='ltr'><strong>quos</strong></span> <span class='ocrx_word' id='word_1_209' title='bbox 230 2097 273 2144; x_wconf 87' lang='lat' dir='ltr'><strong>hic</strong></span> <span class='ocrx_word' id='word_1_210' title='bbox 286 2096 379 2145; x_wconf 78' lang='lat' dir='ltr'><strong>refutat</strong></span> <span class='ocrx_word' id='word_1_211' title='bbox 396 2093 549 2156; x_wconf 77' lang='lat' dir='ltr'><strong>Apostolus,</strong></span> <span class='ocrx_word' id='word_1_212' title='bbox 568 2093 695 2154; x_wconf 83' lang='lat' dir='ltr'><strong>simulque</strong></span> <span class='ocrx_word' id='word_1_213' title='bbox 712 2107 785 2142; x_wconf 90' lang='lat' dir='ltr'><strong>snam</strong></span> <span class='ocrx_word' id='word_1_214' title='bbox 806 2094 874 2154; x_wconf 90' lang='lat' dir='ltr'><strong>apud</strong></span> <span class='ocrx_word' id='word_1_215' title='bbox 893 2093 1014 2156; x_wconf 76' lang='lat' dir='ltr'><strong>Ephesios</strong></span> <span class='ocrx_word' id='word_1_216' title='bbox 1033 2093 1202 2142; x_wconf 72' lang='lat' dir='ltr'><strong>anoouateu</strong></span> 
     </span>
     <span class='ocr_line' id='line_1_27' title="bbox 146 2162 890 2226; baseline 0 -14"><span class='ocrx_word' id='word_1_217' title='bbox 146 2165 284 2226; x_wconf 87' lang='lat' dir='ltr'><strong>ponderat,</strong></span> <span class='ocrx_word' id='word_1_218' title='bbox 301 2170 330 2212; x_wconf 92' lang='lat' dir='ltr'><strong>ut</strong></span> <span class='ocrx_word' id='word_1_219' title='bbox 345 2163 471 2212; x_wconf 77' lang='lat' dir='ltr'><strong>efficaciis</strong></span> <span class='ocrx_word' id='word_1_220' title='bbox 484 2162 648 2223; x_wconf 86' lang='lat' dir='ltr'><strong>persuadeat,</strong></span> <span class='ocrx_word' id='word_1_221' title='bbox 660 2166 696 2211; x_wconf 88' lang='lat' dir='ltr'><strong>ait</strong></span> <span class='ocrx_word' id='word_1_222' title='bbox 706 2162 734 2211; x_wconf 85' lang='lat' dir='ltr'><strong>b.</strong></span> <span class='ocrx_word' id='word_1_223' title='bbox 748 2163 890 2212; x_wconf 88' lang='lat' dir='ltr'><strong>Anselmus.</strong></span> 
     </span>
    </p>
   </div>
   <div class='ocr_carea' id='block_1_4' title="bbox 147 2243 1203 2511">
    <p class='ocr_par' dir='ltr' id='par_1_11' title="bbox 147 2243 1203 2511">
     <span class='ocr_line' id='line_1_28' title="bbox 178 2243 1202 2307; baseline -0.004 -13"><span class='ocrx_word' id='word_1_224' title='bbox 178 2250 202 2294; x_wconf 80' lang='lat' dir='ltr'><strong>ti.</strong></span> <span class='ocrx_word' id='word_1_225' title='bbox 217 2248 246 2294; x_wconf 84' lang='lat' dir='ltr'><strong>llt</strong></span> <span class='ocrx_word' id='word_1_226' title='bbox 262 2253 351 2294; x_wconf 83' lang='lat' dir='ltr'><strong>uotum</strong></span> <span class='ocrx_word' id='word_1_227' title='bbox 368 2245 486 2306; x_wconf 61' lang='lat' dir='ltr'><strong>fumo...</strong></span> <span class='ocrx_word' id='word_1_228' title='bbox 500 2255 556 2303; x_wconf 83' lang='lat' dir='ltr'><strong>quae</strong></span> <span class='ocrx_word' id='word_1_229' title='bbox 569 2244 649 2304; x_wconf 85' lang='lat' dir='ltr'><strong>gratia</strong></span> <span class='ocrx_word' id='word_1_230' title='bbox 667 2245 766 2305; x_wconf 77' lang='lat' dir='ltr'><strong>copiose</strong></span> <span class='ocrx_word' id='word_1_231' title='bbox 778 2246 857 2293; x_wconf 81' lang='lat' dir='ltr'><strong>effusa</strong></span> <span class='ocrx_word' id='word_1_232' title='bbox 871 2249 909 2293; x_wconf 87' lang='lat' dir='ltr'><strong>est</strong></span> <span class='ocrx_word' id='word_1_233' title='bbox 927 2257 1003 2306; x_wconf 87' lang='lat' dir='ltr'><strong>super</strong></span> <span class='ocrx_word' id='word_1_234' title='bbox 1019 2258 1068 2294; x_wconf 88' lang='lat' dir='ltr'><strong>nos</strong></span> <span class='ocrx_word' id='word_1_235' title='bbox 1081 2243 1202 2307; x_wconf 75' lang='lat' dir='ltr'><strong>Apostolos</strong></span> 
     </span>
     <span class='ocr_line' id='line_1_29' title="bbox 147 2312 1203 2376; baseline -0.004 -14"><span class='ocrx_word' id='word_1_236' title='bbox 147 2327 210 2374; x_wconf 81' lang='lat' dir='ltr'><strong>quos</strong></span> <span class='ocrx_word' id='word_1_237' title='bbox 222 2320 247 2363; x_wconf 91' lang='lat' dir='ltr'><strong>et</strong></span> <span class='ocrx_word' id='word_1_238' title='bbox 260 2316 384 2376; x_wconf 84' lang='lat' dir='ltr'><strong>sapientia</strong></span> <span class='ocrx_word' id='word_1_239' title='bbox 394 2313 496 2362; x_wconf 87' lang='lat' dir='ltr'><strong>sublimi</strong></span> <span class='ocrx_word' id='word_1_240' title='bbox 509 2315 535 2360; x_wconf 89' lang='lat' dir='ltr'><strong>et</strong></span> <span class='ocrx_word' id='word_1_241' title='bbox 546 2312 681 2372; x_wconf 80' lang='lat' dir='ltr'><strong>prudentia</strong></span> <span class='ocrx_word' id='word_1_242' title='bbox 696 2313 790 2362; x_wconf 69' lang='lat' dir='ltr'><strong>eoelmti</strong></span> <span class='ocrx_word' id='word_1_243' title='bbox 806 2315 871 2362; x_wconf 87' lang='lat' dir='ltr'><strong>bens</strong></span> <span class='ocrx_word' id='word_1_244' title='bbox 887 2313 943 2361; x_wconf 87' lang='lat' dir='ltr'><strong>ideo</strong></span> <span class='ocrx_word' id='word_1_245' title='bbox 959 2313 1082 2376; x_wconf 82' lang='lat' dir='ltr'><strong>replevit;</strong></span> <span class='ocrx_word' id='word_1_246' title='bbox 1096 2319 1125 2362; x_wconf 95' lang='lat' dir='ltr'><strong>ut</strong></span> <span class='ocrx_word' id='word_1_247' title='bbox 1139 2313 1203 2362; x_wconf 88' lang='lat' dir='ltr'><strong>nobis</strong></span> 
     </span>
     <span class='ocr_line' id='line_1_30' title="bbox 147 2380 1202 2444; baseline -0.001 -15"><span class='ocrx_word' id='word_1_248' title='bbox 147 2388 237 2432; x_wconf 89' lang='lat' dir='ltr'><strong>notum</strong></span> <span class='ocrx_word' id='word_1_249' title='bbox 250 2382 342 2432; x_wconf 86' lang='lat' dir='ltr'><strong>laceret</strong></span> <span class='ocrx_word' id='word_1_250' title='bbox 354 2396 454 2432; x_wconf 86' lang='lat' dir='ltr'><strong>sacrum</strong></span> <span class='ocrx_word' id='word_1_251' title='bbox 466 2380 604 2430; x_wconf 84' lang='lat' dir='ltr'><strong>voluntatis</strong></span> <span class='ocrx_word' id='word_1_252' title='bbox 615 2394 667 2430; x_wconf 85' lang='lat' dir='ltr'><strong>suae</strong></span> <span class='ocrx_word' id='word_1_253' title='bbox 682 2389 826 2444; x_wconf 66' lang='lat' dir='ltr'><strong>meretum,</strong></span> <span class='ocrx_word' id='word_1_254' title='bbox 840 2385 890 2444; x_wconf 81' lang='lat' dir='ltr'><strong>qua</strong></span> <span class='ocrx_word' id='word_1_255' title='bbox 900 2383 932 2431; x_wconf 87' lang='lat' dir='ltr'><strong>ab</strong></span> <span class='ocrx_word' id='word_1_256' title='bbox 943 2388 1038 2432; x_wconf 78' lang='lat' dir='ltr'><strong>aeterno</strong></span> <span class='ocrx_word' id='word_1_257' title='bbox 1049 2382 1202 2438; x_wconf 82' lang='lat' dir='ltr'><strong>decreverat,</strong></span> 
     </span>
     <span class='ocr_line' id='line_1_31' title="bbox 147 2452 946 2511; baseline 0.001 -10"><span class='ocrx_word' id='word_1_258' title='bbox 147 2465 200 2502; x_wconf 90' lang='lat' dir='ltr'><strong>non</strong></span> <span class='ocrx_word' id='word_1_259' title='bbox 210 2452 309 2503; x_wconf 76' lang='lat' dir='ltr'><strong>iudaeos</strong></span> <span class='ocrx_word' id='word_1_260' title='bbox 319 2453 419 2502; x_wconf 80' lang='lat' dir='ltr'><strong>tantum</strong></span> <span class='ocrx_word' id='word_1_261' title='bbox 430 2489 437 2511; x_wconf 86' lang='lat'>‚</span> <span class='ocrx_word' id='word_1_262' title='bbox 448 2452 492 2501; x_wconf 88' lang='lat' dir='ltr'><strong>sed</strong></span> <span class='ocrx_word' id='word_1_263' title='bbox 510 2452 659 2500; x_wconf 85' lang='lat' dir='ltr'><strong>uuiversum</strong></span> <span class='ocrx_word' id='word_1_264' title='bbox 674 2453 800 2503; x_wconf 92' lang='lat' dir='ltr'><strong>mundum</strong></span> <span class='ocrx_word' id='word_1_265' title='bbox 813 2454 946 2502; x_wconf 86' lang='lat' dir='ltr'><strong>redimere.</strong></span> 
     </span>
    </p>
   </div>
   <div class='ocr_carea' id='block_1_5' title="bbox 147 2524 1206 3859">
    <p class='ocr_par' dir='ltr' id='par_1_12' title="bbox 147 2524 1202 2657">
     <span class='ocr_line' id='line_1_32' title="bbox 179 2524 1202 2589; baseline -0.001 -11"><span class='ocrx_word' id='word_1_266' title='bbox 179 2528 321 2578; x_wconf 74' lang='lat' dir='ltr'><strong>Secundini</strong></span> <span class='ocrx_word' id='word_1_267' title='bbox 337 2527 518 2589; x_wconf 76' lang='lat' dir='ltr'><strong>beneplacitum</strong></span> <span class='ocrx_word' id='word_1_268' title='bbox 529 2524 592 2586; x_wconf 75' lang='lat' dir='ltr'><strong>ejus.</strong></span> <span class='ocrx_word' id='word_1_269' title='bbox 605 2525 649 2574; x_wconf 88' lang='lat' dir='ltr'><strong>Gr.</strong></span> <span class='ocrx_word' id='word_1_270' title='bbox 662 2539 738 2576; x_wconf 87' lang='lat' dir='ltr'><strong>suum</strong></span> <span class='ocrx_word' id='word_1_271' title='bbox 751 2564 758 2583; x_wconf 83' lang='lat'><strong>,</strong></span> <span class='ocrx_word' id='word_1_272' title='bbox 773 2528 849 2589; x_wconf 82' lang='lat' dir='ltr'><strong>idque</strong></span> <span class='ocrx_word' id='word_1_273' title='bbox 865 2540 911 2589; x_wconf 91' lang='lat' dir='ltr'><strong>pro</strong></span> <span class='ocrx_word' id='word_1_274' title='bbox 923 2528 990 2577; x_wconf 89' lang='lat' dir='ltr'><strong>bona</strong></span> <span class='ocrx_word' id='word_1_275' title='bbox 1002 2527 1136 2578; x_wconf 72' lang='lat' dir='ltr'><strong>voluntate</strong></span> <span class='ocrx_word' id='word_1_276' title='bbox 1149 2539 1202 2585; x_wconf 85' lang='lat' dir='ltr'><strong>sua,</strong></span> 
     </span>
     <span class='ocr_line' id='line_1_33' title="bbox 147 2594 810 2657; baseline -0.003 -10"><span class='ocrx_word' id='word_1_277' title='bbox 147 2610 192 2646; x_wconf 80' lang='lat' dir='ltr'><strong>seu</strong></span> <span class='ocrx_word' id='word_1_278' title='bbox 207 2599 274 2647; x_wconf 92' lang='lat' dir='ltr'><strong>bono</strong></span> <span class='ocrx_word' id='word_1_279' title='bbox 288 2598 399 2657; x_wconf 83' lang='lat' dir='ltr'><strong>affectu;</strong></span> <span class='ocrx_word' id='word_1_280' title='bbox 413 2598 473 2656; x_wconf 87' lang='lat' dir='ltr'><strong>quia</strong></span> <span class='ocrx_word' id='word_1_281' title='bbox 484 2597 520 2643; x_wconf 82' lang='lat' dir='ltr'><strong>ita</strong></span> <span class='ocrx_word' id='word_1_282' title='bbox 531 2594 568 2642; x_wconf 89' lang='lat' dir='ltr'><strong>iiii</strong></span> <span class='ocrx_word' id='word_1_283' title='bbox 579 2594 643 2643; x_wconf 88' lang='lat' dir='ltr'><strong>bene</strong></span> <span class='ocrx_word' id='word_1_284' title='bbox 653 2598 738 2645; x_wconf 84' lang='lat' dir='ltr'><strong>visum</strong></span> <span class='ocrx_word' id='word_1_285' title='bbox 751 2596 810 2646; x_wconf 88' lang='lat' dir='ltr'><strong>luit.</strong></span> 
     </span>
    </p>

    <p class='ocr_par' dir='ltr' id='par_1_13' title="bbox 147 2664 1203 2787">
     <span class='ocr_line' id='line_1_34' title="bbox 178 2664 1203 2730; baseline -0.006 -13"><span class='ocrx_word' id='word_1_286' title='bbox 178 2668 229 2717; x_wconf 87' lang='lat' dir='ltr'><strong>iloc</strong></span> <span class='ocrx_word' id='word_1_287' title='bbox 235 2680 363 2717; x_wconf 88' lang='lat' dir='ltr'><strong>summam</strong></span> <span class='ocrx_word' id='word_1_288' title='bbox 372 2668 443 2715; x_wconf 90' lang='lat' dir='ltr'><strong>notat</strong></span> <span class='ocrx_word' id='word_1_289' title='bbox 452 2665 496 2713; x_wconf 86' lang='lat' dir='ltr'><strong>liei</strong></span> <span class='ocrx_word' id='word_1_290' title='bbox 507 2664 646 2712; x_wconf 78' lang='lat' dir='ltr'><strong>bnmtatem</strong></span> <span class='ocrx_word' id='word_1_291' title='bbox 654 2670 679 2713; x_wconf 87' lang='lat' dir='ltr'><strong>et</strong></span> <span class='ocrx_word' id='word_1_292' title='bbox 692 2664 843 2727; x_wconf 86' lang='lat' dir='ltr'><strong>libertatem,</strong></span> <span class='ocrx_word' id='word_1_293' title='bbox 850 2671 877 2717; x_wconf 86' lang='lat' dir='ltr'><strong>et</strong></span> <span class='ocrx_word' id='word_1_294' title='bbox 886 2665 987 2717; x_wconf 92' lang='lat' dir='ltr'><strong>nullum</strong></span> <span class='ocrx_word' id='word_1_295' title='bbox 1000 2679 1033 2716; x_wconf 82' lang='lat' dir='ltr'><strong>ex</strong></span> <span class='ocrx_word' id='word_1_296' title='bbox 1042 2671 1132 2717; x_wconf 87' lang='lat' dir='ltr'><strong>nostra</strong></span> <span class='ocrx_word' id='word_1_297' title='bbox 1141 2667 1203 2730; x_wconf 82' lang='lat' dir='ltr'><strong>pario</strong></span> 
     </span>
     <span class='ocr_line' id='line_1_35' title="bbox 147 2740 277 2787; baseline 0.008 -1"><span class='ocrx_word' id='word_1_298' title='bbox 147 2740 277 2787; x_wconf 87' lang='lat' dir='ltr'><strong>meritum.</strong></span> 
     </span>
    </p>

    <p class='ocr_par' dir='ltr' id='par_1_14' title="bbox 148 2806 1204 2941">
     <span class='ocr_line' id='line_1_36' title="bbox 181 2806 1204 2874; baseline -0.002 -14"><span class='ocrx_word' id='word_1_299' title='bbox 181 2813 252 2870; x_wconf 74' lang='lat' dir='ltr'><strong>ind</strong></span> <span class='ocrx_word' id='word_1_300' title='bbox 258 2812 393 2874; x_wconf 71' lang='lat' dir='ltr'><strong>proposuit</strong></span> <span class='ocrx_word' id='word_1_301' title='bbox 404 2811 432 2859; x_wconf 83' lang='lat' dir='ltr'><strong>in</strong></span> <span class='ocrx_word' id='word_1_302' title='bbox 441 2823 478 2865; x_wconf 87' lang='lat' dir='ltr'><strong>eo,</strong></span> <span class='ocrx_word' id='word_1_303' title='bbox 491 2807 579 2869; x_wconf 87' lang='lat' dir='ltr'><strong>supple</strong></span> <span class='ocrx_word' id='word_1_304' title='bbox 590 2806 699 2869; x_wconf 88' lang='lat' dir='ltr'><strong>Christo,</strong></span> <span class='ocrx_word' id='word_1_305' title='bbox 712 2809 737 2857; x_wconf 87' lang='lat' dir='ltr'><strong>id</strong></span> <span class='ocrx_word' id='word_1_306' title='bbox 748 2813 795 2868; x_wconf 80' lang='lat' dir='ltr'><strong>ost,</strong></span> <span class='ocrx_word' id='word_1_307' title='bbox 805 2811 873 2872; x_wconf 80' lang='lat' dir='ltr'><strong>quod</strong></span> <span class='ocrx_word' id='word_1_308' title='bbox 883 2809 1075 2872; x_wconf 80' lang='lat' dir='ltr'><strong>beneplacitum,</strong></span> <span class='ocrx_word' id='word_1_309' title='bbox 1085 2809 1204 2859; x_wconf 88' lang='lat' dir='ltr'><strong>mundum</strong></span> 
     </span>
     <span class='ocr_line' id='line_1_37' title="bbox 148 2876 1164 2941; baseline -0.002 -11"><span class='ocrx_word' id='word_1_310' title='bbox 148 2880 245 2930; x_wconf 81' lang='lat' dir='ltr'><strong>scilieet</strong></span> <span class='ocrx_word' id='word_1_311' title='bbox 256 2882 403 2929; x_wconf 82' lang='lat' dir='ltr'><strong>universum</strong></span> <span class='ocrx_word' id='word_1_312' title='bbox 415 2876 570 2934; x_wconf 81' lang='lat' dir='ltr'><strong>redimendi,</strong></span> <span class='ocrx_word' id='word_1_313' title='bbox 582 2876 647 2925; x_wconf 84' lang='lat' dir='ltr'><strong>fieus</strong></span> <span class='ocrx_word' id='word_1_314' title='bbox 658 2880 790 2939; x_wconf 76' lang='lat' dir='ltr'><strong>proposuit</strong></span> <span class='ocrx_word' id='word_1_315' title='bbox 800 2892 845 2940; x_wconf 91' lang='lat' dir='ltr'><strong>per</strong></span> <span class='ocrx_word' id='word_1_316' title='bbox 855 2878 947 2928; x_wconf 73' lang='lat' dir='ltr'><strong>Filium</strong></span> <span class='ocrx_word' id='word_1_317' title='bbox 958 2893 1037 2928; x_wconf 85' lang='lat' dir='ltr'><strong>suum</strong></span> <span class='ocrx_word' id='word_1_318' title='bbox 1053 2883 1164 2941; x_wconf 78' lang='lat' dir='ltr'><strong>exsequi.</strong></span> 
     </span>
    </p>

    <p class='ocr_par' dir='ltr' id='par_1_15' title="bbox 147 2942 1205 3148">
     <span class='ocr_line' id='line_1_38' title="bbox 177 2942 1205 3010; baseline -0.003 -11"><span class='ocrx_word' id='word_1_319' title='bbox 177 2950 248 2999; x_wconf 83' lang='lat' dir='ltr'><strong>Patet</strong></span> <span class='ocrx_word' id='word_1_320' title='bbox 261 2962 291 2998; x_wconf 81' lang='lat' dir='ltr'><strong>cr</strong></span> <span class='ocrx_word' id='word_1_321' title='bbox 306 2949 407 3008; x_wconf 80' lang='lat' dir='ltr'><strong>Graeco,</strong></span> <span class='ocrx_word' id='word_1_322' title='bbox 425 2947 509 3007; x_wconf 80' lang='lat' dir='ltr'><strong>pund,</strong></span> <span class='ocrx_word' id='word_1_323' title='bbox 529 2942 614 2993; x_wconf 86' lang='lat' dir='ltr'><strong>referri</strong></span> <span class='ocrx_word' id='word_1_324' title='bbox 631 2947 666 2993; x_wconf 84' lang='lat' dir='ltr'><strong>od</strong></span> <span class='ocrx_word' id='word_1_325' title='bbox 682 2947 877 3009; x_wconf 79' lang='lat' dir='ltr'><strong>beneplacitum,</strong></span> <span class='ocrx_word' id='word_1_326' title='bbox 889 2961 934 2997; x_wconf 86' lang='lat' dir='ltr'><strong>seu</strong></span> <span class='ocrx_word' id='word_1_327' title='bbox 948 2945 1064 3007; x_wconf 69' lang='grc' dir='ltr'><strong>ιωοιίυ,</strong></span> <span class='ocrx_word' id='word_1_328' title='bbox 1076 2949 1116 3007; x_wconf 63' lang='grc' dir='ltr'><strong>ἣν,</strong></span> <span class='ocrx_word' id='word_1_329' title='bbox 1135 2959 1205 3010; x_wconf 82' lang='lat' dir='ltr'><strong>quem</strong></span> 
     </span>
     <span class='ocr_line' id='line_1_39' title="bbox 147 3015 1204 3077; baseline -0.002 -9"><span class='ocrx_word' id='word_1_330' title='bbox 147 3018 243 3068; x_wconf 91' lang='lat' dir='ltr'><strong>bonum</strong></span> <span class='ocrx_word' id='word_1_331' title='bbox 255 3020 385 3068; x_wconf 79' lang='lat' dir='ltr'><strong>affectum.</strong></span> <span class='ocrx_word' id='word_1_332' title='bbox 396 3016 445 3066; x_wconf 85' lang='lat' dir='ltr'><strong>Sed</strong></span> <span class='ocrx_word' id='word_1_333' title='bbox 457 3017 533 3064; x_wconf 86' lang='lat' dir='ltr'><strong>unius</strong></span> <span class='ocrx_word' id='word_1_334' title='bbox 544 3015 664 3063; x_wconf 78' lang='lat' dir='ltr'><strong>accentus</strong></span> <span class='ocrx_word' id='word_1_335' title='bbox 675 3019 782 3066; x_wconf 76' lang='lat' dir='ltr'><strong>variatio</strong></span> <span class='ocrx_word' id='word_1_336' title='bbox 793 3017 853 3066; x_wconf 85' lang='lat' dir='ltr'><strong>lacit</strong></span> <span class='ocrx_word' id='word_1_337' title='bbox 868 3017 947 3067; x_wconf 89' lang='lat' dir='ltr'><strong>allum</strong></span> <span class='ocrx_word' id='word_1_338' title='bbox 958 3031 1064 3068; x_wconf 88' lang='lat' dir='ltr'><strong>sensum</strong></span> <span class='ocrx_word' id='word_1_339' title='bbox 1075 3022 1104 3068; x_wconf 90' lang='lat' dir='ltr'><strong>in</strong></span> <span class='ocrx_word' id='word_1_340' title='bbox 1116 3019 1204 3077; x_wconf 72' lang='lat' dir='ltr'><strong>croco,</strong></span> 
     </span>
     <span class='ocr_line' id='line_1_40' title="bbox 148 3088 389 3148; baseline -0.008 -11"><span class='ocrx_word' id='word_1_341' title='bbox 148 3089 225 3148; x_wconf 73' lang='lat' dir='ltr'><strong>quam</strong></span> <span class='ocrx_word' id='word_1_342' title='bbox 236 3090 263 3136; x_wconf 91' lang='lat' dir='ltr'><strong>in</strong></span> <span class='ocrx_word' id='word_1_343' title='bbox 275 3088 389 3148; x_wconf 76' lang='lat' dir='ltr'><strong>Vulgata.</strong></span> 
     </span>
    </p>

    <p class='ocr_par' dir='ltr' id='par_1_16' title="bbox 148 3160 1205 3348">
     <span class='ocr_line' id='line_1_41' title="bbox 183 3160 1203 3226; baseline -0.005 -14"><span class='ocrx_word' id='word_1_344' title='bbox 183 3164 254 3221; x_wconf 82' lang='lat' dir='ltr'><strong>Quod</strong></span> <span class='ocrx_word' id='word_1_345' title='bbox 270 3165 419 3226; x_wconf 69' lang='lat' dir='ltr'><strong>proponite,</strong></span> <span class='ocrx_word' id='word_1_346' title='bbox 441 3164 465 3209; x_wconf 66' lang='lat' dir='ltr'><strong>li</strong></span> <span class='ocrx_word' id='word_1_347' title='bbox 477 3160 565 3224; x_wconf 68' lang='grc' dir='ltr'><strong><em>αὑτοῦ,</em></strong></span> <span class='ocrx_word' id='word_1_348' title='bbox 580 3178 640 3214; x_wconf 84' lang='lat' dir='ltr'><strong>cum</strong></span> <span class='ocrx_word' id='word_1_349' title='bbox 652 3166 742 3226; x_wconf 86' lang='lat' dir='ltr'><strong>spiritu</strong></span> <span class='ocrx_word' id='word_1_350' title='bbox 755 3176 860 3225; x_wconf 88' lang='lat' dir='ltr'><strong>aspero,</strong></span> <span class='ocrx_word' id='word_1_351' title='bbox 873 3169 903 3211; x_wconf 91' lang='lat' dir='ltr'><strong>ut</strong></span> <span class='ocrx_word' id='word_1_352' title='bbox 918 3162 994 3211; x_wconf 87' lang='lat' dir='ltr'><strong>hodio</strong></span> <span class='ocrx_word' id='word_1_353' title='bbox 1008 3163 1097 3225; x_wconf 86' lang='lat' dir='ltr'><strong>legunt</strong></span> <span class='ocrx_word' id='word_1_354' title='bbox 1109 3164 1203 3214; x_wconf 75' lang='lat' dir='ltr'><strong>Graeoir</strong></span> 
     </span>
     <span class='ocr_line' id='line_1_42' title="bbox 148 3231 1205 3294; baseline 0.002 -16"><span class='ocrx_word' id='word_1_355' title='bbox 148 3232 177 3278; x_wconf 82' lang='lat' dir='ltr'><strong>io</strong></span> <span class='ocrx_word' id='word_1_356' title='bbox 192 3243 232 3287; x_wconf 79' lang='lat' dir='ltr'><strong>se,</strong></span> <span class='ocrx_word' id='word_1_357' title='bbox 251 3232 278 3279; x_wconf 92' lang='lat' dir='ltr'><strong>in</strong></span> <span class='ocrx_word' id='word_1_358' title='bbox 293 3234 427 3294; x_wconf 88' lang='lat' dir='ltr'><strong>semetipso</strong></span> <span class='ocrx_word' id='word_1_359' title='bbox 442 3233 649 3294; x_wconf 56' lang='lat' dir='ltr'><strong>:significatque</strong></span> <span class='ocrx_word' id='word_1_360' title='bbox 662 3245 740 3293; x_wconf 86' lang='lat' dir='ltr'><strong>quam</strong></span> <span class='ocrx_word' id='word_1_361' title='bbox 753 3233 846 3281; x_wconf 91' lang='lat' dir='ltr'><strong>bonam</strong></span> <span class='ocrx_word' id='word_1_362' title='bbox 862 3231 1023 3280; x_wconf 84' lang='lat' dir='ltr'><strong>voluntatem</strong></span> <span class='ocrx_word' id='word_1_363' title='bbox 1041 3235 1110 3282; x_wconf 89' lang='lat' dir='ltr'><strong>intra</strong></span> <span class='ocrx_word' id='word_1_364' title='bbox 1125 3245 1153 3282; x_wconf 79' lang='lat' dir='ltr'><strong>se</strong></span> <span class='ocrx_word' id='word_1_365' title='bbox 1169 3242 1205 3280; x_wconf 81' lang='lat' dir='ltr'><strong>re·</strong></span> 
     </span>
     <span class='ocr_line' id='line_1_43' title="bbox 149 3297 386 3348; baseline 0.008 -2"><span class='ocrx_word' id='word_1_366' title='bbox 149 3297 295 3347; x_wconf 80' lang='lat' dir='ltr'><strong>condiderat</strong></span> <span class='ocrx_word' id='word_1_367' title='bbox 312 3299 386 3348; x_wconf 85' lang='lat' dir='ltr'><strong>bens.</strong></span> 
     </span>
    </p>

    <p class='ocr_par' dir='ltr' id='par_1_17' title="bbox 185 3375 901 3438">
     <span class='ocr_line' id='line_1_44' title="bbox 185 3375 901 3438; baseline -0.001 -13"><span class='ocrx_word' id='word_1_368' title='bbox 185 3375 218 3418; x_wconf 75' lang='lat' dir='ltr'><strong>ii»</strong></span> <span class='ocrx_word' id='word_1_369' title='bbox 229 3375 317 3431; x_wconf 72' lang='grc' dir='ltr'><em>αὐτοῦ,</em></span> <span class='ocrx_word' id='word_1_370' title='bbox 328 3389 388 3425; x_wconf 85' lang='lat' dir='ltr'><strong>cum</strong></span> <span class='ocrx_word' id='word_1_371' title='bbox 406 3379 495 3438; x_wconf 88' lang='lat' dir='ltr'><strong>spiritu</strong></span> <span class='ocrx_word' id='word_1_372' title='bbox 507 3376 574 3435; x_wconf 88' lang='lat' dir='ltr'><strong>leni,</strong></span> <span class='ocrx_word' id='word_1_373' title='bbox 588 3377 616 3424; x_wconf 82' lang='lat' dir='ltr'><strong>io</strong></span> <span class='ocrx_word' id='word_1_374' title='bbox 629 3390 671 3434; x_wconf 88' lang='lat' dir='ltr'><strong>eo,</strong></span> <span class='ocrx_word' id='word_1_375' title='bbox 684 3375 780 3425; x_wconf 84' lang='lat' dir='ltr'><strong>scilicet</strong></span> <span class='ocrx_word' id='word_1_376' title='bbox 792 3375 901 3424; x_wconf 87' lang='lat' dir='ltr'><strong>Christo.</strong></span> 
     </span>
    </p>

    <p class='ocr_par' dir='ltr' id='par_1_18' title="bbox 149 3443 1206 3630">
     <span class='ocr_line' id='line_1_45' title="bbox 180 3443 1206 3508; baseline 0 -16"><span class='ocrx_word' id='word_1_377' title='bbox 180 3443 212 3492; x_wconf 83' lang='lat' dir='ltr'><strong>Et</strong></span> <span class='ocrx_word' id='word_1_378' title='bbox 223 3444 276 3493; x_wconf 78' lang='lat' dir='ltr'><strong>bac</strong></span> <span class='ocrx_word' id='word_1_379' title='bbox 290 3451 374 3494; x_wconf 84' lang='lat' dir='ltr'><strong>nostra</strong></span> <span class='ocrx_word' id='word_1_380' title='bbox 387 3445 462 3495; x_wconf 87' lang='lat' dir='ltr'><strong>lectio</strong></span> <span class='ocrx_word' id='word_1_381' title='bbox 475 3446 575 3495; x_wconf 82' lang='lat' dir='ltr'><strong>ridetur</strong></span> <span class='ocrx_word' id='word_1_382' title='bbox 586 3447 729 3508; x_wconf 75' lang='lat' dir='ltr'><strong>apostolica</strong></span> <span class='ocrx_word' id='word_1_383' title='bbox 742 3449 822 3495; x_wconf 89' lang='lat' dir='ltr'><strong>menti</strong></span> <span class='ocrx_word' id='word_1_384' title='bbox 840 3446 993 3495; x_wconf 79' lang='lat' dir='ltr'><strong>conformior</strong></span> <span class='ocrx_word' id='word_1_385' title='bbox 1005 3465 1011 3495; x_wconf 76' lang='grc' dir='ltr'><strong>ι</strong></span> <span class='ocrx_word' id='word_1_386' title='bbox 1022 3460 1080 3508; x_wconf 77' lang='lat' dir='ltr'><strong>qum</strong></span> <span class='ocrx_word' id='word_1_387' title='bbox 1091 3447 1135 3498; x_wconf 85' lang='lat' dir='ltr'><strong>hic</strong></span> <span class='ocrx_word' id='word_1_388' title='bbox 1147 3444 1206 3496; x_wconf 87' lang='lat' dir='ltr'><strong>nibil</strong></span> 
     </span>
     <span class='ocr_line' id='line_1_46' title="bbox 149 3512 1206 3577; baseline 0.002 -17"><span class='ocrx_word' id='word_1_389' title='bbox 149 3514 200 3561; x_wconf 90' lang='lat' dir='ltr'><strong>nisi</strong></span> <span class='ocrx_word' id='word_1_390' title='bbox 220 3512 349 3562; x_wconf 82' lang='lat' dir='ltr'><strong>Christum</strong></span> <span class='ocrx_word' id='word_1_391' title='bbox 367 3517 463 3576; x_wconf 86' lang='lat' dir='ltr'><strong>spirat,</strong></span> <span class='ocrx_word' id='word_1_392' title='bbox 483 3518 520 3563; x_wconf 85' lang='lat' dir='ltr'><strong>ait</strong></span> <span class='ocrx_word' id='word_1_393' title='bbox 536 3515 667 3564; x_wconf 87' lang='lat' dir='ltr'><strong>Cornelius</strong></span> <span class='ocrx_word' id='word_1_394' title='bbox 685 3515 700 3562; x_wconf 84' lang='lat' dir='ltr'><strong>a</strong></span> <span class='ocrx_word' id='word_1_395' title='bbox 718 3514 826 3576; x_wconf 81' lang='lat' dir='ltr'><strong>lapide,</strong></span> <span class='ocrx_word' id='word_1_396' title='bbox 841 3521 866 3563; x_wconf 89' lang='lat' dir='ltr'><strong>et</strong></span> <span class='ocrx_word' id='word_1_397' title='bbox 881 3520 950 3577; x_wconf 89' lang='lat' dir='ltr'><strong>patet</strong></span> <span class='ocrx_word' id='word_1_398' title='bbox 965 3527 995 3564; x_wconf 80' lang='lat' dir='ltr'><strong>ea</strong></span> <span class='ocrx_word' id='word_1_399' title='bbox 1012 3516 1206 3577; x_wconf 76' lang='lat' dir='ltr'><strong>praecedentibus</strong></span> 
     </span>
     <span class='ocr_line' id='line_1_47' title="bbox 149 3582 272 3630; baseline 0.016 -2"><span class='ocrx_word' id='word_1_400' title='bbox 149 3582 272 3630; x_wconf 71' lang='lat' dir='ltr'><strong>versibus.</strong></span> 
     </span>
    </p>

    <p class='ocr_par' dir='ltr' id='par_1_19' title="bbox 180 3649 799 3702">
     <span class='ocr_line' id='line_1_48' title="bbox 180 3649 799 3702; baseline 0.006 -4"><span class='ocrx_word' id='word_1_401' title='bbox 180 3649 225 3698; x_wconf 84' lang='lat' dir='ltr'><strong>Est</strong></span> <span class='ocrx_word' id='word_1_402' title='bbox 237 3656 262 3699; x_wconf 88' lang='lat' dir='ltr'><strong>ct</strong></span> <span class='ocrx_word' id='word_1_403' title='bbox 274 3651 345 3700; x_wconf 91' lang='lat' dir='ltr'><strong>alind</strong></span> <span class='ocrx_word' id='word_1_404' title='bbox 361 3653 388 3699; x_wconf 93' lang='lat' dir='ltr'><strong>in</strong></span> <span class='ocrx_word' id='word_1_405' title='bbox 401 3650 487 3700; x_wconf 71' lang='lat' dir='ltr'><strong>Graio</strong></span> <span class='ocrx_word' id='word_1_406' title='bbox 499 3651 634 3700; x_wconf 79' lang='lat' dir='ltr'><strong>discrimen</strong></span> <span class='ocrx_word' id='word_1_407' title='bbox 650 3652 799 3702; x_wconf 89' lang='lat' dir='ltr'><strong>notandum.</strong></span> 
     </span>
    </p>

    <p class='ocr_par' dir='ltr' id='par_1_20' title="bbox 149 3726 1204 3859">
     <span class='ocr_line' id='line_1_49' title="bbox 183 3726 1204 3789; baseline -0.003 -13"><span class='ocrx_word' id='word_1_408' title='bbox 183 3728 212 3776; x_wconf 84' lang='lat' dir='ltr'><strong>fit</strong></span> <span class='ocrx_word' id='word_1_409' title='bbox 229 3735 316 3777; x_wconf 79' lang='lat' dir='ltr'><strong>uotum</strong></span> <span class='ocrx_word' id='word_1_410' title='bbox 332 3727 437 3788; x_wconf 67' lang='lat' dir='ltr'><strong>fumo,</strong></span> <span class='ocrx_word' id='word_1_411' title='bbox 452 3726 495 3774; x_wconf 89' lang='lat' dir='ltr'><strong>Gr.</strong></span> <span class='ocrx_word' id='word_1_412' title='bbox 509 3729 635 3786; x_wconf 69' lang='grc' dir='ltr'><strong><em>γνωρίσας,</em></strong></span> <span class='ocrx_word' id='word_1_413' title='bbox 654 3730 762 3775; x_wconf 89' lang='lat' dir='ltr'><strong>aoristus</strong></span> <span class='ocrx_word' id='word_1_414' title='bbox 783 3728 909 3789; x_wconf 83' lang='lat' dir='ltr'><strong>participii</strong></span> <span class='ocrx_word' id='word_1_415' title='bbox 927 3745 935 3776; x_wconf 72' lang='lat' dir='ltr'><strong>r</strong></span> <span class='ocrx_word' id='word_1_416' title='bbox 950 3731 1041 3776; x_wconf 92' lang='lat' dir='ltr'><strong>notum</strong></span> <span class='ocrx_word' id='word_1_417' title='bbox 1053 3727 1161 3788; x_wconf 79' lang='lat' dir='ltr'><strong>faciem,</strong></span> <span class='ocrx_word' id='word_1_418' title='bbox 1173 3728 1204 3775; x_wconf 83' lang='lat' dir='ltr'><strong>rit</strong></span> 
     </span>
     <span class='ocr_line' id='line_1_50' title="bbox 149 3793 1104 3859; baseline 0.002 -15"><span class='ocrx_word' id='word_1_419' title='bbox 149 3793 180 3845; x_wconf 85' lang='lat' dir='ltr'><strong>b.</strong></span> <span class='ocrx_word' id='word_1_420' title='bbox 193 3795 376 3857; x_wconf 53' lang='lat' dir='ltr'><strong>Hieronymum</strong></span> <span class='ocrx_word' id='word_1_421' title='bbox 387 3805 432 3840; x_wconf 86' lang='lat' dir='ltr'><strong>seu</strong></span> <span class='ocrx_word' id='word_1_422' title='bbox 443 3794 502 3841; x_wconf 84' lang='lat' dir='ltr'><strong>edm</strong></span> <span class='ocrx_word' id='word_1_423' title='bbox 518 3799 607 3841; x_wconf 86' lang='lat' dir='ltr'><strong>notum</strong></span> <span class='ocrx_word' id='word_1_424' title='bbox 620 3795 678 3844; x_wconf 84' lang='lat' dir='ltr'><strong>iecit</strong></span> <span class='ocrx_word' id='word_1_425' title='bbox 691 3815 697 3842; x_wconf 90' lang='lat'>:</span> <span class='ocrx_word' id='word_1_426' title='bbox 711 3800 748 3843; x_wconf 84' lang='lat' dir='ltr'><strong>est</strong></span> <span class='ocrx_word' id='word_1_427' title='bbox 761 3798 830 3844; x_wconf 89' lang='lat' dir='ltr'><strong>euim</strong></span> <span class='ocrx_word' id='word_1_428' title='bbox 841 3797 961 3858; x_wconf 81' lang='lat' dir='ltr'><strong>praeteriti</strong></span> <span class='ocrx_word' id='word_1_429' title='bbox 974 3801 1104 3859; x_wconf 89' lang='lat' dir='ltr'><strong>temporis.</strong></span> 
     </span>
    </p>
   </div>
   <div class='ocr_carea' id='block_1_6' title="bbox 151 3860 1203 3993">
    <p class='ocr_par' dir='ltr' id='par_1_21' title="bbox 151 3860 1203 3993">
     <span class='ocr_line' id='line_1_51' title="bbox 181 3860 1203 3980; baseline 0.001 -68"><span class='ocrx_word' id='word_1_430' title='bbox 181 3863 237 3980; x_wconf 57' lang='lat' dir='ltr'><strong>Ssytr.</strong></span> <span class='ocrx_word' id='word_1_431' title='bbox 247 3870 277 3979; x_wconf 82' lang='lat' dir='ltr'><strong>¹et</strong></span> <span class='ocrx_word' id='word_1_432' title='bbox 291 3861 408 3926; x_wconf 76' lang='lat' dir='ltr'><strong>patefecit</strong></span> <span class='ocrx_word' id='word_1_433' title='bbox 428 3860 501 3910; x_wconf 89' lang='lat' dir='ltr'><strong>nobis</strong></span> <span class='ocrx_word' id='word_1_434' title='bbox 516 3874 637 3913; x_wconf 85' lang='lat' dir='ltr'><strong>arcanum</strong></span> <span class='ocrx_word' id='word_1_435' title='bbox 655 3864 809 3926; x_wconf 69' lang='lat' dir='ltr'><strong>voluntatis,</strong></span> <span class='ocrx_word' id='word_1_436' title='bbox 827 3870 878 3915; x_wconf 82' lang='lat' dir='ltr'><strong>etc.</strong></span> <span class='ocrx_word' id='word_1_437' title='bbox 891 3865 967 3916; x_wconf 84' lang='lat' dir='ltr'><strong>Arai.</strong></span> <span class='ocrx_word' id='word_1_438' title='bbox 983 3866 1123 3931; x_wconf 66' lang='lat' dir='ltr'><strong>dgniiioeto</strong></span> <span class='ocrx_word' id='word_1_439' title='bbox 1139 3864 1203 3916; x_wconf 85' lang='lat' dir='ltr'><strong>uobis</strong></span> 
     </span>
     <span class='ocr_line' id='line_1_52' title="bbox 151 3943 281 3993; baseline 0 -13"><span class='ocrx_word' id='word_1_440' title='bbox 151 3943 194 3993; x_wconf 69' lang='lat' dir='ltr'><strong>mr</strong></span> <span class='ocrx_word' id='word_1_441' title='bbox 219 3945 245 3980; x_wconf 89' lang='lat' dir='ltr'><strong>er</strong></span> <span class='ocrx_word' id='word_1_442' title='bbox 256 3944 281 3981; x_wconf 87' lang='lat' dir='ltr'><strong>o.</strong></span> 
     </span>
    </p>
   </div>
   <div class='ocr_carea' id='block_1_7' title="bbox 0 0 1266 4424">
    <p class='ocr_par' dir='ltr' id='par_1_22' title="bbox 0 0 1266 4424">
     <span class='ocr_line' id='line_1_53' title="bbox 0 0 1266 4424; baseline 0 0"><span class='ocrx_word' id='word_1_443' title='bbox 0 0 1266 4424; x_wconf 95' lang='lat' dir='ltr'><strong> </strong></span> 
     </span>
    </p>
   </div>
  </div>
 </body>
</html>
