2512 4424
141 300 196 355 tta
307 298 491 354 SECUNDAE
509 297 707 352 EPISTOLAE
727 297 776 350 tn
793 287 1037 351 CORINTHIOS

142 485 1201 530 mnumemmnmmmmnummmmffl

107 701 112 711 “
274 692 533 816 ANALYSIS
561 688 770 773 CAPITIS
796 682 1075 769 UNDECIMI.

143 1024 183 1119 Iu
194 1066 249 1120 hoe
260 1065 350 1132 capite
362 1063 527 1130 Apostolus,
541 1064 638 1114 sancto
650 1060 700 1113 Dei
712 1059 771 1111 zelo
783 1059 898 1124 pulsus,
919 1060 947 1108 et
957 1053 1023 1108 vera
1039 1055 1205 1109 necessitate

141 1154 267 1214 coactus,
278 1153 354 1202 totus
362 1152 404 1200 est
415 1147 444 1198 in
457 1143 621 1210 semetipso,
632 1148 664 1197 ut
675 1143 802 1196 ministro
815 1139 915 1195 christi
927 1138 1164 1205 commendando,
1179 1143 1205 1192 ot

141 1230 171 1284 in
182 1228 439 1299 pseudoapostolis,
451 1232 483 1280 ut
495 1228 604 1279 Satanae
615 1226 749 1279 ministris
768 1222 965 1291 deprimendis.

177 1314 285 1368 Laudes
297 1327 363 1381 ergo
382 1325 447 1365 suas
465 1310 559 1364 dicere
579 1318 708 1375 coactus,
721 1308 750 1377 i.
765 1311 800 1373 l,
821 1306 932 1359 veniam
944 1303 997 1356 sibi
1018 1310 1166 1371 precatur,
1183 1303 1206 1357 si

143 1397 223 1464 quasi
240 1395 404 1463 insipienter
415 1398 488 1460 agat.

178 1478 221 1533 nd
234 1478 304 1543 hoe,
318 1477 425 1545 inquit,
435 1476 534 1544 adigor
545 1475 641 1530 sancta
657 1471 807 1541 zelotypia,
820 1470 877 1538 qua
885 1482 938 1536 pro
948 1468 1058 1524 Chruto
1071 1481 1140 1537 erga
1149 1481 1208 1522 res·

142 1568 200 1615 tras
212 1561 319 1613 animas
332 1561 438 1613 laboro.

176 1645 204 1714 ᾗ.
222 1647 278 1697 aet
291 1649 316 1697 ὅ.
333 1644 457 1709 Explicat
467 1642 541 1695 hanc
557 1639 732 1708 zelotypiam.

124 1739 127 1745 ·
177 1728 216 1778 Er
236 1739 293 1778 una
314 1731 408 1793 parte,
427 1739 479 1793 ego
494 1725 568 1778 relut
582 1722 802 1792 paranymphus,
815 1732 865 1772 ros
884 1731 1000 1783 omnes,
1017 1732 1068 1771 seu
1087 1726 1209 1773 vestram

142 1808 308 1872 Ecclesiam,
324 1809 486 1876 perfidem,
505 1808 614 1862 Christo
623 1807 741 1875 ltpmino
756 1802 911 1870 despondi,
926 1815 1045 1868 eamque
1056 1802 1113 1870 ipsi
1124 1802 1210 1871 virgi-

143 1905 208 1944 nem
220 1897 325 1945 castam
337 1892 468 1946 exhibere
479 1892 554 1945 solo.

177 1978 217 2028 Ex
242 1977 328 2034 altera
351 1981 448 2042 parte,
461 1987 561 2027 vereor
576 1986 613 2026 ne
638 1974 771 2035 Satanas,
791 1983 842 2036 per
859 1967 913 2020 hos
933 1967 1208 2034 pseudoapostolos,

142 2063 250 2110 mentes
262 2063 370 2116 vestras
381 2064 541 2122 corrumpat
553 2068 664 2119 errore,
679 2055 751 2106 sicut
767 2056 851 2105 Evam
862 2063 913 2117 per
928 2056 1089 2118 serpentem
1099 2051 1211 2105 seduxit

142 2139 252 2193 astutia.

178 2221 247 2274 ilinc
260 2233 340 2272 meus
356 2232 408 2285 pro
421 2218 545 2283 christo,
559 2226 586 2271 et
597 2232 649 2284 pro
663 2218 750 2270 salute
763 2223 856 2272 vestra
867 2220 951 2273 zelus.

177 2306 211 2355 El
224 2302 289 2354 hinc
310 2315 368 2365 me,
393 2302 549 2366 apostolum
567 2307 690 2354 vestrum
715 2303 911 2357 commendare
934 2315 1042 2369 cogor:
1065 2302 1120 2354 lros
1143 2303 1211 2355 verd

142 2383 410 2450 pseudoapostolos,
427 2385 535 2437 Satanae
545 2385 687 2436 ministros
700 2424 708 2449 ,
722 2384 894 2452 deprimere,
908 2399 1021 2449 aecum
1033 2385 1132 2437 salutis
1145 2399 1212 2438 ves-

146 2477 194 2521 trae
212 2468 351 2535 periculo,
365 2468 426 2520 illos
438 2467 524 2531 mihi,
546 2468 678 2534 Apostolo
690 2467 807 2533 Christi,
820 2468 983 2535 praeferatis.

177 2554 211 2604 Et
225 2550 291 2603 hinc
301 2551 489 2617 insipientiam
506 2564 612 2615 meam,
625 2550 650 2603 si
665 2563 728 2617 quae
744 2550 792 2616 sit,
804 2551 941 2617 patienter
957 2552 1078 2604 tolerare
1089 2550 1210 2614 debetis,

144 2633 209 2700 quia
219 2639 338 2686 vestram
352 2647 404 2702 ago
417 2647 547 2698 causam,
564 2648 622 2688 non
639 2647 740 2686 meam.

113 2757 119 2769 .
178 2716 224 2770 Sic
239 2716 318 2783 quasi
337 2716 484 2783 praelatus,
497 2714 524 2783 i.
538 2719 571 2780 l,
594 2715 743 2769 Corinthiis
766 2715 955 2782 improperat,
969 2714 1048 2782 qudd
1069 2714 1211 2766 immerito

142 2799 211 2852 tales
227 2799 494 2865 pseudoapostolos,
511 2798 564 2850 sibi
580 2799 680 2862 Paulo,
701 2804 868 2864 prseponunt
888 2796 978 2850 :ciam
997 2811 1048 2851 ros
1066 2796 1137 2849 nihil
1161 2796 1213 2849 do-

142 2888 223 2935 ceant
241 2882 294 2946 illi,
304 2881 382 2948 quod
394 2894 447 2947 ego
459 2881 561 2933 Paulus
571 2880 650 2947 prius
663 2894 720 2933 non
742 2880 895 2934 docuerim.

176 2965 204 3030 ἰ.
218 2966 246 3017 5.
264 2963 325 3015 imo
348 2962 414 3014 verd
429 2975 479 3015 ros
499 2976 556 3014 non
577 2961 670 3014 minus
690 2962 811 3028 perlecta
828 2963 930 3027 docui,
947 2962 1049 3029 quam,
1070 2977 1130 3016 non
1147 2963 1212 3016 dico

142 3044 384 3112 pseudoapostoli,
401 3044 452 3098 sed
469 3044 527 3095 reri
544 3049 573 3097 et
592 3044 716 3111 primarii
736 3046 878 3111 Apostoli,
901 3049 1018 3110 Petrus,
1040 3048 1168 3100 loannes
1184 3053 1212 3100 et

142 3126 263 3180 lacobus
274 3126 404 3180 doceant.

177 3209 205 3274 ᾗ.
219 3209 246 3260 6.
260 3210 326 3260 Esto
349 3207 575 3274 pseudoapostoli
591 3210 646 3261 sint
661 3208 741 3261 nobis
757 3207 905 3261 verborum
917 3210 1020 3276 pompa
1032 3209 1210 3276 inflatiores,

143 3290 192 3344 sed
203 3284 261 3342 no'n
278 3295 344 3342 sunt
363 3291 393 3342 in
406 3290 490 3345 rebus
503 3290 603 3344 divinis
616 3291 772 3353 doctiores;
786 3296 813 3343 et
828 3290 940 3344 aliunde
953 3292 983 3343 in
1003 3293 1139 3346 omnibus
1150 3307 1213 3347 om·

142 3373 210 3424 nino
221 3372 316 3437 aperte
327 3372 472 3425 vobiscum
485 3387 556 3439 ago,
570 3387 627 3427 non
639 3375 730 3425 astute
749 3379 778 3426 et
788 3373 886 3425 dolose
897 3374 969 3426 sicut
981 3374 1030 3426 illi.

178 3454 206 3521 j.
219 3456 247 3506 ⁵1.
263 3453 420 3507 Corinthios
436 3456 537 3507 acriter
554 3456 669 3531 pungit,
691 3456 865 3520 interrogans
886 3468 953 3518 eos,
967 3469 1002 3508 an
1016 3457 1045 3508 in
1057 3457 1113 3510 hoc
1134 3457 1211 3524 apud

143 3549 194 3590 eos
216 3535 389 3602 peccaverit,
414 3542 441 3588 ot
460 3537 523 3590 ideo
539 3543 709 3604 postponant
732 3536 827 3589 illum?
839 3538 904 3603 quia
923 3538 1036 3591 humilis
1053 3538 1145 3592 iactus
1167 3544 1209 3594 est

142 3618 218 3686 apud
229 3632 295 3681 eos,
309 3623 341 3670 ut
353 3618 415 3671 illos
427 3619 558 3673 exaltaret
578 3618 654 3686 apud
672 3623 777 3683 mum,
791 3625 819 3671 et
838 3619 904 3686 quia
919 3620 1005 3688 gratis
1026 3623 1209 3690 Evangelium

142 3701 185 3756 eis
194 3699 368 3769 praedicar-ita

177 3784 233 3853 Μ
245 3788 273 3836 et
284 3785 312 3836 9.
328 3784 388 3835 ilco
408 3790 555 3850 exaggerat
569 3801 576 3838 :
590 3784 665 3851 apud
681 3796 731 3837 ros
747 3783 881 3849 existens,
894 3799 947 3852 pro
959 3785 1040 3838 robis
1054 3787 1203 3848 laborans,

142 3866 274 3920 omnibus
285 3864 428 3930 indigens,
442 3865 538 3918 nihild
551 3879 693 3933 quoquam
707 3866 829 3918 restrum
848 3867 958 3935 recepi,
978 3868 1030 3922 sed
1050 3869 1202 3922 necessaria

147 3942 372 4006 Macedonibus
385 3945 485 4007 mou.
499 3948 563 4002 licet
577 3948 757 4015 pauperibus.
