2512 4424
191 248 373 310 SEGUNDAE
391 206 664 310 EPISTOLAED
681 250 932 317 CORINTHIOS,
951 256 1006 306 eto.
1105 253 1125 306 δ

96 426 1119 531 ..,.....„.....„............„a.„..„..„..„„...................

255 688 514 773 ANALYSIS
542 688 752 773 CAPITIS
777 688 940 771 PRIMI.

548 930 653 946 u..—

80 1052 177 1154 'pirro
184 1101 282 1154 salutat
291 1141 298 1166 ‚
307 1115 365 1154 non
373 1101 529 1156 corinthios
539 1099 659 1167 tantum,
671 1103 721 1157 sed
729 1107 757 1157 et
765 1115 863 1156 omnes
873 1100 1012 1155 universae
1018 1098 1128 1153 Achaiae

99 1184 182 1250 ideles,
195 1185 297 1252 quibus
310 1184 425 1253 gratiam
439 1191 467 1239 et
478 1199 575 1252 pacem
592 1190 711 1252 exoptat.

123 1288 144 1355 5.
157 1291 180 1341 5.
201 1292 258 1343 beo
275 1287 350 1340 Patri
360 1289 470 1341 Domini
490 1287 578 1343 nostri
592 1291 657 1343 lesu
670 1288 784 1353 Christi,
797 1289 887 1352 Patri,
906 1291 1125 1354 consequenter.

99 1369 324 1424 misericordiarum
337 1376 364 1423 et
376 1371 468 1424 omnis
478 1369 606 1444 perlectae
618 1371 816 1424 consolationis
825 1369 942 1434 auctori,
954 1369 1055 1437 gratias
1062 1369 1126 1436 agit,

101 1453 197 1519 eoqubd
207 1455 283 1507 illum
299 1454 327 1505 iu
340 1453 470 1506 omnibus
487 1454 546 1507 suis
562 1454 756 1507 afflictionibus
775 1453 813 1505 ita
825 1453 999 1519 consoletur,
1015 1457 1047 1506 ut
1057 1452 1130 1504 sicut

101 1534 122 1585 in
131 1549 157 1588 eo
173 1536 310 1590 abundant
327 1550 379 1604 pro
394 1537 501 1594 cbristo
516 1537 677 1605 passiones,
691 1537 731 1590 sio
745 1541 773 1590 et
794 1535 916 1590 abundet
930 1548 981 1601 per
991 1535 1130 1589 Christum

102 1621 236 1674 coumlatio.
867 1641 873 1652 ’

126 1724 221 1790 tiaeque
237 1723 388 1792 gratiarum
399 1724 509 1778 actione
525 1725 626 1777 Paulus
636 1723 709 1776 viam
728 1722 781 1776 sibi
798 1729 877 1789 parat
887 1722 929 1776 ad
941 1721 1131 1776 excusandum

103 1805 134 1856 sui
142 1807 205 1872 apud
221 1807 377 1861 Corinthios
388 1807 525 1862 adventus
537 1807 697 1862 dilationem
709 1824 717 1860 z
730 1808 771 1860 sic
782 1807 857 1860 enim
868 1805 971 1858 indicat
985 1803 1062 1871 quod
1072 1817 1132 1857 ma-

54 1896 56 1911 *
105 1887 149 1952 gnis
155 1890 384 1955 persecutionibus
398 1896 425 1944 et
442 1890 573 1957 periculis
585 1889 734 1956 impeditus
745 1889 828 1943 tuerit
844 1902 877 1942 ac
888 1888 1026 1941 detentus.

129 1989 149 2058 i.
157 1994 178 2046 6.
192 1993 312 2047 Affirmat
324 1994 416 2048 omnia
428 2007 478 2048 sua
491 1999 518 2046 et
530 1993 721 2047 tribulationes
733 1998 761 2047 et
772 1993 976 2047 consolationes
987 1991 1024 2044 ad
1035 2000 1133 2045 eorum

104 2073 220 2130 uilitatem
231 2082 258 2132 et
273 2077 389 2130 salutem
401 2076 514 2141 cedere,
532 2076 629 2144 sicque
650 2090 747 2131 eorum
758 2075 978 2130 benevolentiam
995 2078 1097 2141 captat.

129 2170 150 2237 5.
160 2174 183 2225 i.
197 2171 346 2240 Specialiris
356 2171 425 2239 ipsis
434 2172 565 2226 describit
579 2174 736 2242 ingentem,
750 2186 834 2239 quam
845 2172 874 2225 in
891 2171 953 2224 Asia
966 2183 1065 2237 passus
1079 2174 1130 2233 est,

105 2257 315 2322 persecutionem
329 2256 426 2323 sicque
444 2257 534 2325 pergit
548 2261 576 2310 et
590 2257 619 2309 iu
631 2269 729 2310 eorum
739 2256 839 2310 animis
858 2254 911 2308 sibi
933 2251 1130 2318 conciliandis,

106 2336 154 2388 etin
170 2338 287 2405 paranda
302 2351 389 2393 morae
400 2352 459 2393 suae
480 2339 665 2394 excusatione.

130 2421 198 2475 lanta
207 2421 258 2476 tuit
268 2422 330 2476 baec
344 2422 502 2490 persecutio
513 2462 520 2488 ,
531 2428 562 2476 ut
574 2437 657 2490 supra
670 2424 743 2477 vires
757 2422 896 2476 naturales
908 2419 1011 2484 fuerit,
1026 2418 1087 2486 ipse
1097 2419 1135 2472 da

106 2500 146 2556 lita
155 2504 349 2574 desperaverit,
362 2506 435 2561 mori
447 2511 555 2572 eertus;
569 2512 597 2559 at
611 2510 684 2560 Deus
694 2507 771 2560 illum
790 2505 806 2559 ai
821 2511 911 2559 morte
922 2503 1038 2570 eripuit,
1052 2501 1134 2568 eripit

107 2589 125 2634 tt
135 2588 232 2656 eripiet,
245 2603 297 2656 per
308 2589 465 2644 orationum
479 2589 629 2655 auxilium,
648 2603 718 2656 quas
731 2588 766 2641 ab
779 2589 819 2641 eis
829 2588 908 2655 petit.

130 2683 150 2750 i.
162 2689 201 2739 li.
215 2690 293 2740 ilanc
308 2685 358 2738 liei
371 2686 587 2752 protectionem,
600 2684 708 2750 hasque
719 2684 923 2738 corinthiorum
934 2695 1032 2749 preces
1042 2687 1134 2747 sperat

109 2763 193 2834 lautus,
206 2770 271 2837 quia
284 2768 449 2835 simpliciter
463 2774 491 2821 et
508 2768 633 2834 sincere,
647 2781 742 2823 coram
761 2769 834 2830 lieo,
847 2765 953 2831 ubique
971 2770 999 2817 et
1016 2764 1135 2818 maxime
1147 2811 1151 2821 .

108 2846 202 2906 iorintbi
220 2856 401 2907 conversatus
412 2857 465 2905 est.

130 2947 180 3003 laec
194 2948 362 3017 propositio,
383 2948 506 3002 Paulinae
521 2948 704 3016 simplicitatis
720 2952 748 3002 et
771 2946 936 3002 sinceritatis
955 2944 1135 3005 affirmativa,

108 3021 160 3082 basis
171 3038 209 3085 est
220 3031 347 3100 eiusdem
359 3029 414 3084 diri
432 3031 508 3088 Pauli
525 3031 680 3099 apologiae:
694 3031 758 3098 quia
778 3032 852 3085 enim
866 3028 1014 3084 corinthiis
1025 3027 1054 3079 in
1068 3028 1138 3093 Epi-

110 3111 157 3164 stola
171 3117 255 3181 prima
272 3115 400 3180 capiti,
420 3115 585 3180 promiserat
599 3128 632 3174 se
651 3114 688 3167 ad
703 3128 752 3167 eos
769 3119 933 3177 venturum,
946 3112 1056 3178 hocque
1067 3125 1137 3177 pro-

108 3191 196 3249 missum
207 3198 351 3256 distulerat
360 3213 367 3249 ε
377 3196 442 3250 hinc
450 3197 675 3264 pseudoapostoli
685 3198 799 3251 Paulum
810 3194 1049 3249 calumniabantur
1057 3194 1138 3262 quasi

111 3267 173 3331 levem
182 3286 207 3333 et
223 3282 428 3334 inconstantem
438 3280 467 3332 in
478 3280 636 3349 promissis,
650 3286 678 3334 et
690 3280 767 3347 quod
774 3279 855 3347 peius
866 3282 924 3332 erat
934 3317 942 3344 ‚
953 3278 983 3330 in
995 3277 1053 3331 suis
1063 3291 1138 3344 prac-

112 3351 279 3417 dationibus.

135 3453 202 3511 suan
212 3473 279 3527 ergo
297 3457 482 3514 sinceritatem
495 3457 525 3511 in
540 3456 670 3513 omnibus
691 3456 807 3512 affirmat
820 3457 982 3526 Apostolus,
997 3462 1025 3510 et
1041 3461 1073 3509 ut
1088 3469 1139 3510 ca-

113 3526 214 3595 buriam
232 3542 356 3608 refellat,

137 3631 439 3706 Primb,tatetur‹1udd
458 3637 567 3692 sincere
589 3637 677 3691 voluit
696 3643 724 3692 et
744 3637 872 3706 promisit
894 3637 936 3691 ire
956 3633 1137 3697 Corinthum,
1199 3691 1202 3701 ,

117 3717 170 3777 lltd
180 3725 268 3776 amen
280 3735 338 3776 nou
350 3720 490 3787 implevit,
506 3722 533 3791 i.
546 3723 598 3787 as,
608 3723 654 3775 16.

141 3809 265 3884 wando,
278 3816 576 3884 pseudoapostolorum
593 3815 759 3870 calumniam
771 3816 836 3871 inde
848 3816 966 3880 illatam,
979 3808 1142 3876 sibimetipsi

121 3884 189 3960 illicit
196 3913 243 3968 per
260 3900 444 3970 quaestionem
454 3916 462 3955 z
473 3899 625 3968 Numquid,
639 3905 692 3954 eto.
709 3900 736 3971 i.
748 3903 793 3967 l'l,
829 3943 834 3951 .
