2512 4424
101 246 153 300 aaa
387 245 592 299 nersroun
613 210 660 298 an
678 244 872 301 arnustus

132 347 175 397 Gr.
196 345 346 408 aiapopivov.
365 347 416 397 vox
433 352 470 398 est
487 349 589 409 media,
609 352 665 399 ium
683 352 778 411 activa,
800 335 860 401 tum
873 350 992 413 passiva,
1009 361 1071 411 sau,
1085 353 1155 400 utari

102 416 218 475 Grotius,
235 427 297 465 sono
316 418 434 478 passivo,
452 429 528 466 sensu
541 423 627 467 tamen
641 421 724 468 activo
734 456 741 480 ,
753 419 849 480 formo,
865 421 966 480 iuquit,
982 419 1070 469 attici.

100 552 119 602 h
132 483 270 544 AEqualiter
286 496 343 546 ergo
356 485 496 548 significat,
511 486 674 550 adimplentis
687 492 713 538 ct
727 488 871 552 adimpleti,
884 492 911 539 et
923 490 951 538 in
969 492 1077 551 auoque
1086 500 1156 540 mnan

119 552 145 602 ic
163 565 222 603 vera
238 558 284 604 cst.

131 621 245 674 Christus
257 625 285 673 iu
304 626 422 675 omnihus
434 627 486 675 sula
497 627 617 677 membris
636 627 803 691 adimpletur,
817 628 942 690 quantum
958 627 992 679 ad
1007 629 1094 678 omnia
1106 640 1157 679 cor-

100 693 170 754 poris
180 692 277 754 otllcia,
292 706 317 744 1.
330 707 365 755 g.,
379 696 484 755 manda,
497 697 584 758 pedis,
598 700 645 745 eie.

132 760 245 812 Christus
258 763 341 822 quoad
353 776 459 812 manum
473 764 592 826 impletur
604 767 631 813 in
645 765 749 814 humine
765 766 944 827 misericorde,
958 765 1042 828 quood
1056 766 1157 830 pedem,

101 831 129 879 ln
143 843 173 879 eo
187 833 230 892 qui
244 831 339 882 Christi
354 845 440 882 amora
460 835 650 895 peregrinatur,
661 833 702 884 acl
720 837 806 884 visitat
822 847 914 897 aegros3
927 834 1012 898 quoad
1032 834 1157 899 linguam,
1188 843 1190 848 '

101 899 129 948 ln
149 900 265 961 doctore,
286 903 322 950 ait
340 901 550 964 Theophylactus.

131 970 258 1033 adimplet
275 974 361 1020 autom
377 974 476 1032 omnia,
494 974 560 1021 sicut
574 976 648 1034 eaput
664 971 752 1034 implet
767 985 842 1023 omna
854 985 946 1036 corpus
960 971 1106 1024 humanum
1119 984 1158 1036 per

101 1042 253 1091 continuum
268 1044 295 1090 11
309 1055 354 1090 sua
366 1041 479 1091 membra
494 1043 618 1091 influxum
626 1062 634 1102 ;
647 1040 807 1092 alcChristus
819 1043 998 1093 luceminfinit
1010 1043 1157 1094 infidelium

100 1115 198 1160 mentes
209 1149 216 1172 ,
228 1114 283 1173 pios
296 1111 402 1161 aflectus
418 1113 446 1159 in
463 1123 523 1173 cor,
545 1111 685 1173 spiritualia
702 1111 856 1161 charismata
873 1113 900 1161 11
914 1114 1039 1163 animam.

130 1195 158 1244 11
178 1205 648 1250 111111111111111111111111111.
663 1219 696 1230 -
714 1193 829 1244 Christus
845 1193 999 1256 adimpletur
1014 1197 1043 1245 in
1058 1195 1157 1259 alngrdis

101 1266 126 1312 ot
142 1265 259 1313 omnihus
275 1264 440 1324 Christianis3
456 1263 556 1326 proiicit
573 1265 598 1312 ia
613 1263 663 1313 iliis
682 1264 823 1326 sapientia,
837 1269 863 1313 et
874 1265 966 1326 gratia,
981 1270 1008 1315 et
1022 1268 1093 1317 omni
1109 1267 1156 1315 rir-

100 1336 169 1394 tuta,
180 1334 239 1384 cdm
255 1336 324 1383 euim
344 1336 516 1395 unusquisque
531 1333 689 1382 Christianus
702 1336 735 1383 sit
745 1333 837 1384 Christi
850 1333 1012 1396 membrum,
1027 1335 1073 1387 ubl
1085 1347 1157 1384 mem·

100 1402 175 1451 hrum
188 1404 281 1453 Christi
297 1403 443 1466 perficitur,
461 1405 515 1465 lpse
531 1403 662 1463 Christus,
678 1407 707 1453 ut
722 1407 813 1466 caput,
830 1406 858 1453 11
872 1416 918 1453 suo
934 1417 1040 1468 corpora
1056 1390 1156 1468 mystico

100 1471 237 1533 perficitur.

130 1539 195 1600 Ergo
209 1538 286 1656 dfebeo
301 1551 385 1589 meam
397 1539 476 1593 zelare
487 1539 683 1603 perfectionem,
699 1543 785 1604 utpote
801 1552 857 1603 qum
875 1541 908 1591 ad
922 1540 1018 1592 Christi
1028 1540 1157 1606 perfectio·

99 1619 160 1656 nem
174 1619 220 1656 oon
232 1613 278 1657 ert.

47 1723 52 1732 ,
130 1677 194 1738 Ergo
207 1681 232 1726 et
246 1690 331 1727 meam
345 1678 421 1728 debeo
441 1678 655 1743 imperfectionem
669 1678 788 1740 horrere,
802 1683 888 1743 utputa
905 1679 999 1730 Christi
1014 1678 1122 1731 dedecus
1134 1682 1156 1728 et

101 1748 271 1810 opprobrium.
695 1777 699 1790 ·

130 1816 195 1877 firgo
213 1816 291 1866 debeo
311 1820 337 1866 et
358 1817 467 1867 aliorum
490 1815 566 1867 saluti
584 1820 609 1866 et
626 1817 775 1880 perfectioni
795 1830 855 1867 cum
879 1816 931 1867 zelo
953 1817 1117 1878 incumbere,
1131 1819 1155 1867 ut

100 1884 194 1934 Christi
214 1898 305 1948 corpus
325 1887 464 1950 perficiam.

130 1954 195 2016 Quot
216 1956 372 2007 Christianos
387 1960 550 2017 convertam,
567 1960 613 2007 aut
628 1956 771 2019 perficiam,
787 1960 825 2006 tut
838 1956 937 2007 Christo
950 1958 1067 2008 membra
1078 1955 1154 2008 confe-

100 2037 172 2084 ram,
186 2025 227 2073 vel
240 2026 377 2086 perficiam.

130 2095 244 2154 Quantus
255 2095 316 2144 hinc
330 2097 474 2145 animarum
487 2097 645 2146 conversioni
659 2099 684 2145 et
696 2094 844 2158 perfectioni
860 2108 919 2146 eum
931 2094 984 2146 telo
996 2097 1104 2147 meandi
1114 2096 1154 2146 atl-

100 2163 200 2213 mulus!
395 2209 398 2214 .

130 2232 260 2292 Christus,
275 2235 351 2293 caput
364 2231 500 2293 Ecclesiae,
516 2246 560 2295 per
574 2234 725 2283 continuum
739 2233 864 2282 initurum
882 2232 1004 2295 adimplet
1022 2237 1114 2284 omnia.

130 2299 229 2361 Quanta
242 2314 300 2362 ergo
313 2300 386 2350 debet
402 2315 455 2350 esse
475 2305 536 2351 uuio
549 2307 633 2351 nostre
650 2316 709 2352 curn
724 2301 836 2362 Christo,
851 2305 933 2363 capite
949 2307 1054 2354 nostro!
1069 2308 1152 2366 quanta

101 2381 157 2431 spes
175 2371 202 2419 in
215 2373 299 2432 ipsum
309 2372 315 2419 i
327 2374 421 2433 quauta
434 2370 541 2421 fiducia!
554 2372 630 2433 quarn
642 2371 758 2431 frequens
770 2369 803 2419 ad
814 2383 873 2419 eum
885 2374 970 2420 noster
982 2375 1114 2423 recursuri

128 2438 216 2489 Nostra
229 2454 287 2490 curu
299 2440 347 2489 huc
358 2444 444 2489 nostro
456 2443 537 2502 capite
549 2443 670 2490 continua
683 2441 716 2488 sit
728 2440 790 2488 uuio
802 2476 808 2499 ,
821 2451 872 2488 ncn
885 2439 987 2490 tantdm
1005 2454 1051 2504 per
1062 2442 1152 2492 habitus

100 2511 184 2570 gratiae
200 2515 225 2559 et
241 2510 388 2570 charitatis,
401 2511 481 2560 sedet
494 2524 538 2573 per
549 2517 622 2560 actus
633 2510 704 2569 fidei,
716 2512 769 2572 spei
781 2514 806 2559 et
818 2513 928 2571 umoris;

129 2579 270 2629 Continuus
288 2582 314 2628 et
330 2579 467 2629 habitualis
486 2580 518 2628 sii
531 2582 611 2627 nostri
628 2579 711 2628 cordis
730 2578 836 2628 adeum
853 2592 989 2642 recursus,
1001 2594 1047 2644 per
1064 2582 1151 2645 aspira-

100 2650 196 2710 tiones,
210 2655 235 2699 et
252 2650 449 2712 perorationem
464 2659 515 2696 nou
531 2647 698 2697 deficientem.

101 2749 270 2800 Corollarium
280 2750 397 2812 picturas,
409 2763 454 2800 reu
466 2749 494 2798 iu
506 2749 551 2798 boc
563 2748 643 2811 capite
661 2752 683 2798 1.
695 2749 729 2798 ud
743 2750 861 2811 pietatem
877 2747 988 2798 mammo
1003 2751 1124 2809 neratde,
1133 2753 1151 2797 et

482 2819 630 2880 udprucim
645 2818 789 2880 redigenda.

129 2920 217 2970 Parno.
227 2947 258 2958 —
268 2921 306 2970 Ex
317 2919 366 2969 hoc
377 2921 458 2983 capite
468 2931 583 2978 mecum,
594 2916 608 2966 ὀ
618 2917 759 2966 Christiane
770 2954 777 2977 ,
788 2917 902 2978 quisquis
913 2928 956 2978 es,
967 2917 1037 2968 disce
1048 2917 1150 2969 infinitas

100 2992 126 3040 11
139 2995 164 3038 te
176 2989 219 3038 liei
236 2988 436 3049 misericordias,
457 2991 481 3037 et
499 2991 604 3036 eternas
620 2990 645 3035 et
660 2986 818 3049 temporales.

75 3062 77 3065 ’
129 3059 265 3107 AErannas.
278 3084 309 3094 —
322 3056 360 3106 Ab
375 3062 468 3106 aeterno
480 3061 505 3106 te
519 3056 585 3105 Deus
600 3057 735 3116 cogitavit,
751 3060 776 3104 te
788 3055 890 3114 dilexit3
905 3058 930 3104 et
943 3058 1003 3117 quia
1016 3055 1117 3115 dilexit,
1129 3059 1149 3102 io

23 3164 30 3173 ,
98 3126 181 3176 adhuc
197 3127 322 3188 nihilum,
339 3131 364 3177 et
379 3127 482 3190 prorsds
500 3127 673 3185 immeritum,
694 3127 759 3174 inter
784 3126 932 3174 innumeros
953 3125 1017 3176 alios
1038 3126 1109 3190 elegii
1127 3127 1149 3174 11

99 3194 211 3255 Christo,
233 3201 257 3245 ei
275 3197 306 3245 ob
322 3196 469 3256 Christum,
490 3210 516 3244 n.
538 3197 561 3243 i.

128 3261 193 3312 lleus
203 3277 310 3314 summae
325 3266 480 3325 majestatis,
491 3276 532 3312 me
543 3261 652 3311 nihilum
663 3298 670 3322 ,
687 3263 719 3311 ab
735 3266 828 3312 aeierno
840 3262 975 3324 cogitavit,
989 3261 1091 3324 dilexit,
1105 3270 1149 3326 pro

99 3343 184 3380 amore
199 3331 280 3393 clegit.
301 3333 414 3393 Quanta,
435 3336 459 3380 ei
472 3333 548 3392 quam
569 3331 671 3380 infanda
689 3331 802 3380 bonitasi

128 3398 165 3449 Ad
179 3400 240 3460 quid
258 3404 343 3450 aufem
357 3402 447 3462 elegit?

127 3469 158 3518 111
177 3481 256 3518 essem
271 3475 372 3519 sauctus
389 3480 413 3520 et
431 3469 610 3519 immaculatus
631 3471 657 3518 11
679 3473 814 3531 conspectu
835 3472 906 3530 ejus,
924 3482 952 3518 n.
965 3471 989 3519 i.
1002 3469 1053 3520 lieo
1069 3479 1150 3520 conso·

98 3541 202 3600 quenter
216 3537 323 3597 similis,
335 3543 378 3599 qui
392 3544 494 3589 sanctus
510 3543 562 3600 est,
579 3544 604 3588 et
617 3538 804 3588 immaculatus.
816 3538 929 3600 Quantus
940 3538 1039 3589 honori

127 3605 165 3655 Ad
184 3604 246 3667 quid
266 3608 362 3654 etiam?

128 3675 159 3724 Ut
180 3677 229 3724 sim
245 3674 377 3736 adoptivus
388 3674 432 3724 oei
444 3675 525 3739 lilius,
537 3689 564 3727 1.
579 3678 603 3726 5.
617 3678 697 3740 ipsius
712 3675 807 3738 heres,
824 3680 977 3726 aeterncrum
996 3677 1065 3726 lilius
1077 3677 1150 3727 hono⁴

96 3757 156 3794 rum
176 3755 311 3807 possessor.

127 3812 225 3874 Quanta
240 3813 363 3862 felicitas!
375 3825 408 3862 au
419 3817 540 3876 majorem
552 3814 617 3864 beas
629 3818 681 3878 ipse
691 3819 788 3878 poterat
799 3817 951 3877 excogitare,
963 3819 987 3865 et
1001 3816 1064 3865 mihi
1075 3813 1149 3864 vellet

128 3883 177 3932 llas
187 3895 244 3944 ergo
258 3883 518 3946 aete1·nas,indniias,
531 3887 667 3934 immensas
680 3885 722 3935 oei
739 3885 922 3934 misericordias
936 3888 1031 3947 cogita,
1043 3889 1149 3948 penetra,

98 3952 223 4011 quantum
246 3957 330 4016 potes,
353 3956 380 4002 at
404 3952 614 4018 comprehendere
634 3966 686 4004 non
711 3953 812 4016 valens,
836 3955 946 4020 udrarc,
962 3954 1056 4016 odora,
1077 3964 1147 4011 amm
