2512 4424
342 248 508 301 rnirssx
526 249 747 305 Expostulo,
768 251 850 305 cir.
871 254 930 304 lll.
1113 253 1164 306 tir

141 339 185 391 98.
198 340 259 391 Non
275 343 446 405 estludaeus,
455 358 548 410 neque
600 343 672 393 Nulla
685 347 711 393 in
724 345 773 395 hoc
787 349 824 396 est
836 346 975 396 differentia
987 325 1092 406 generis,
1103 359 1166 395 con-

110 415 231 480 Graecus;
246 431 304 468 non
316 424 357 470 esi
370 433 480 482 servus,
496 435 546 473 ne.
570 411 685 472 ditionis,
699 417 744 461 aut
754 413 827 463 serris
839 433 845 462 ι
858 415 1003 475 quicunque
1017 427 1060 476 per
1072 414 1166 476 Raptis-

110 505 161 557 que
171 493 257 557 phem
268 509 326 547 „011
339 501 381 549 est
391 498 544 558 masculus,
570 495 640 530 mum
652 481 751 531 Christo
760 484 847 532 inserti
859 486 927 545 estis,
939 496 1019 533 unum
1029 485 1088 533 estis
1098 496 1167 545 mys-

109 582 197 633 neque
212 569 315 622 lemina
335 586 453 626 :omnes
472 573 545 626 enim
569 549 649 597 mum
660 547 752 597 ⁶¹¹¹¹⁵t¹
766 561 867 611 ⁰⁰¹P¹¹⁵·

109 658 193 696 uuum
217 659 269 698 vos
294 648 359 700 estis
382 649 411 700 in
437 649 545 702 Christo

107 724 182 849 Ἥ).
197 797 227 848 Si
242 805 337 850 autem
351 813 401 851 ros
418 801 517 853 Christi
536 821 542 854 :
598 799 622 847 Si
634 802 720 848 autem
731 811 775 846 vos
785 800 864 860 ipsius
875 797 966 847 Christi
974 801 1041 858 estis,
1049 803 1074 847 et
1083 783 1165 847 unum

106 888 168 940 ergo
194 888 290 927 semen
320 878 436 929 Abrahae
457 881 541 943 ggqis,
566 866 627 927 quid
647 881 705 916 cum
724 866 780 926 illo,
795 879 853 926 ergo
865 868 931 914 sicut
953 867 1006 927 ipse
1025 878 1110 914 semen
1128 869 1166 914 est

105 951 258 1006 secundnm
266 956 480 1020 promissionem
489 960 543 1011 hae,
566 935 685 996 ilbrahas,
703 939 778 985 itaet
801 947 846 983 vos
860 938 920 984 estis
936 934 1041 1016 Abrahae
1058 935 1120 993 iiiii,
1141 939 1166 982 et

106 1031 193 1083 redes,
565 1003 1167 1134 ffiffinterheredesbenedrctronrshbrahae

130 1265 169 1312 28.
188 1263 244 1312 Noa
263 1269 298 1311 est
314 1264 447 1312 iridens...
465 1277 547 1314 omnes
565 1268 630 1314 enim
645 1279 689 1314 vos
704 1279 814 1315 snum...
827 1265 869 1315 Cr.
883 1278 949 1314 unus
967 1268 1033 1314 estis.
1051 1265 1106 1327 Syr.
1119 1277 1163 1315 vos

103 1345 205 1392 omues,
218 1346 301 1393 nnus,
315 1338 363 1382 etc.

128 1401 223 1450 Omnes
235 1415 302 1450 unus
322 1404 380 1451 estis
400 1403 427 1450 iu
444 1402 542 1453 Christo
559 1403 616 1452 lesu
632 1423 638 1452 ι
654 1403 702 1454 hon
718 1409 756 1454 est
776 1404 891 1455 eamdem
907 1403 1032 1464 formam,
1044 1405 1162 1455 eumdem

102 1475 188 1533 typum
200 1470 299 1520 habetis
310 1483 412 1531 omnes,
426 1471 543 1522 videlicet
556 1473 658 1523 Christi.
668 1474 870 1537 Chrysostomus.

128 1541 194 1603 Quid
205 1541 246 1590 his
257 1540 340 1589 verbis
350 1541 431 1602 magis
442 1543 596 1604 stupendum
611 1548 657 1592 aut
670 1545 835 1593 reverendum
846 1547 858 1593 i
870 1545 913 1605 qui
927 1547 998 1607 prius
1009 1549 1062 1595 crat
1074 1544 1163 1595 Ethni-

102 1625 161 1672 cus,
172 1609 292 1670 ludaeus,
304 1623 405 1670 servus,
416 1614 465 1660 etc.
477 1625 547 1662 nunc
560 1611 667 1661 termam
679 1617 772 1674 gestat,
786 1625 838 1663 non
850 1613 945 1676 augeli,
957 1627 1039 1676 neque
1055 1615 1162 1669 archan·

101 1681 144 1740 geli
155 1717 162 1741 ,
174 1679 219 1730 sed
237 1681 414 1728 universorum
427 1678 544 1741 hominu
557 1683 584 1730 in
598 1693 652 1730 sese
663 1681 792 1731 Christum
805 1687 985 1744 repraesentat:
1001 1683 1069 1732 idem
1080 1683 1162 1747 Chry-

101 1756 233 1800 sostomus.

128 1838 289 1887 Osssnvsrro
302 1837 526 1886 nonusis-ilinc
537 1837 617 1887 discat
626 1836 799 1898 Christianus,
812 1837 968 1888 nobilitatem
979 1853 1052 1890 suam
1063 1859 1069 1888 ι
1079 1853 1161 1889 uuum
1190 1869 1193 1873 <

100 1913 206 1957 osteum
218 1906 318 1956 Christo
331 1924 338 1954 z
351 1904 417 1955 illius
428 1906 472 1956 liei
485 1909 539 1967 est,
554 1909 614 1967 quia
629 1906 774 1968 Christum,
790 1908 834 1957 lici
846 1907 944 1968 illium,
962 1909 1044 1958 induit
1057 1911 1085 1957 in
1098 1909 1163 1972 bap·

100 1979 182 2026 iismo.

127 2046 192 2094 ilino
204 2044 304 2093 discant
313 2048 454 2105 magnates,
462 2047 508 2092 sut
516 2046 662 2105 quicunque
671 2042 804 2106 natalitiis,
813 2049 858 2095 aut
868 2045 1032 2106 dignitatibus
1041 2047 1056 2096 a
1065 2050 1161 2098 crateris

99 2114 209 2164 distincti
221 2116 298 2172 sunt,
310 2112 421 2173 discant,
436 2115 555 2174 inquam,
568 2113 635 2174 quod
646 2116 673 2163 in
685 2113 783 2164 Christo
795 2117 846 2165 sint
859 2128 938 2164 unum
948 2153 955 2176 ,
967 2129 1089 2167 seuunus
1102 2131 1162 2168 cum

99 2185 194 2234 caeteris
206 2181 339 2231 ssdelibus=
352 2194 437 2231 coram
450 2180 512 2242 lieo,
527 2197 577 2231 nos
587 2189 621 2232 est
631 2197 731 2242 amous,
741 2198 819 2246 neque
833 2184 924 2235 liber...
939 2185 983 2234 sed
995 2199 1083 2236 omnes
1095 2199 1162 2237 unus

100 2259 161 2304 sunt
177 2255 205 2302 in
216 2251 316 2301 Christo
328 2251 397 2301 lesu.
412 2253 497 2313 ltaque
509 2265 555 2302 nec
566 2255 728 2316 superbiant,
740 2268 787 2305 nec
803 2255 866 2304 alios
877 2256 1025 2319 despiciant.

127 2324 192 2373 ilinc
205 2325 231 2370 et
244 2333 332 2371 omnes
343 2321 440 2370 discant
457 2326 482 2369 et
497 2321 659 2372 recordentur
677 2336 703 2372 se
715 2337 799 2374 coram
810 2325 860 2373 lieo
872 2325 937 2375 nihii
952 2339 1022 2389 esse,
1034 2328 1082 2376 nisi
1095 2326 1163 2388 quod

99 2398 158 2443 sunt
173 2396 200 2442 in
218 2391 318 2440 Christo
332 2391 409 2449 lesu,
424 2403 468 2439 seu
485 2391 625 2441 secundum
638 2395 744 2454 gratiam
757 2390 849 2444 Christi
864 2395 931 2445 lesu.

127 2462 201 2524 ilpud
212 2460 293 2508 Deum
309 2472 361 2508 non
374 2462 413 2508 cst
427 2462 540 2523 acceptio
553 2473 718 2522 personarum
730 2481 736 2511 ε
750 2465 882 2512 nonenim
897 2478 1031 2527 porsonam
1046 2465 1161 2524 domini,

97 2537 141 2582 aut
151 2533 219 2580 servi
231 2567 238 2590 ,
248 2529 356 2578 attendit
368 2532 395 2579 in
407 2529 563 2591 Christiano,
574 2531 617 2580 sed
636 2545 770 2594 personam
782 2533 874 2583 Christi
889 2536 996 2585 attendit
1011 2538 1039 2584 in
1057 2534 1162 2597 singulis

98 2604 122 2649 et
134 2601 271 2659 omnibus;
283 2601 317 2647 ita
331 2602 359 2647 ut
372 2601 544 2660 unusquisque
560 2599 639 2650 tidelis
651 2600 688 2650 illi
704 2604 737 2650 sit
746 2600 776 2651 eb
789 2604 894 2665 gratior,
906 2603 956 2665 qud
968 2603 1066 2653 fidelius
1078 2603 1163 2653 Chris-

97 2676 152 2720 tum
165 2672 344 2732 repraeseutat,
356 2681 432 2727 quern
444 2669 527 2719 induit
540 2672 567 2719 in
581 2670 715 2733 baptismo.

126 2740 220 2789 Totum
234 2739 319 2798 itaque
330 2740 445 2786 nostrum
456 2739 568 2788 studium
584 2742 618 2788 sit
633 2739 762 2791 Christum
773 2742 800 2790 in
816 2742 888 2791 nobis
904 2752 988 2802 gerere
1004 2740 1125 2801 interius,
1137 2745 1162 2789 et

98 2809 207 2859 exieritis
221 2807 347 2856 exhibere.
357 2807 408 2856 lloc
422 2809 526 2858 unicum
537 2811 570 2858 sit
582 2814 670 2859 votum
687 2815 811 2860 nostrum.

126 2879 245 2938 Christe,
259 2875 295 2925 iili
311 2876 354 2925 lici
373 2878 441 2938 risi,
459 2879 661 2928 misereremei!
683 2880 757 2940 lesu,
777 2880 907 2930 character
930 2880 1027 2939 Patris,
1045 2878 1163 2940 splendor

98 2948 195 3009 gioria,
213 2957 328 3010 expressa
339 2948 449 3007 pateruae
462 2947 606 2996 substantia
620 2952 645 2996 et
660 2959 772 3009 persona
785 2951 885 3010 imago,
900 2949 937 2997 sIo
948 2952 989 3007 te,
1001 2959 1047 3008 per
1058 2948 1164 3007 gratiam

99 3022 165 3065 tuam
178 3014 266 3076 ,cordi
282 3026 337 3062 meo
353 3016 487 3074 imprime,
502 3021 529 3062 ut
541 3021 583 3064 tua
600 3021 625 3064 ct
639 3016 719 3066 Patris
732 3019 769 3065 ini
786 3017 846 3066 iiam
859 3018 959 3077 imago;
973 3018 999 3062 te
1011 3018 1037 3062 ct
1052 3014 1164 3075 seipsum

100 3087 181 3135 videat
191 3088 218 3133 in
232 3096 273 3132 me
283 3103 290 3144 i
302 3083 402 3144 meique
417 3084 449 3132 ob
459 3090 497 3145 te,
510 3090 535 3133 ct
549 3086 580 3134 ob
593 3093 662 3134 tuam
676 3088 812 3148 imaginem
829 3089 978 3135 misereatur
990 3086 1018 3133 in
1030 3086 1163 3134 aternum

126 3176 166 3223 ts.
180 3174 211 3222 si
222 3177 306 3220 autem
317 3185 362 3220 vor
378 3171 498 3221 Christi...

125 3242 242 3293 Christus
254 3244 292 3289 est
303 3253 388 3288 semen
397 3278 404 3300 ,
414 3253 458 3288 seu
470 3240 537 3289 iilius
549 3240 652 3291 Abrahae
660 3279 666 3301 ,
675 3242 877 3291 benedictionem
888 3243 1003 3300 gentium
1015 3240 1163 3300 continens,

101 3323 138 3360 seu
150 3324 196 3373 per
210 3321 288 3370 quem
301 3321 387 3357 omnes
404 3309 578 3359 benedicenda}
592 3317 685 3370 gentes.

124 3383 175 3431 lios
191 3391 282 3428 sumus
295 3378 402 3438 Christi,
416 3391 498 3427 unum
511 3392 570 3427 cum
587 3379 630 3426 illo
642 3392 749 3441 corpus,
762 3379 830 3428 illius
840 3376 973 3437 memhra;
986 3375 1041 3424 imb
1053 3377 1080 3424 in
1093 3375 1165 3425 iilum

101 3449 269 3500 transformati
289 3460 392 3505 sumus,
409 3447 531 3509 iliumque
550 3449 696 3508 induimus;
715 3462 772 3509 ergo
789 3449 906 3496 omnium
929 3447 1010 3508 ipsius
1026 3447 1124 3505 lurtum
1140 3451 1166 3494 ct

101 3515 305 3568 benedictionum
322 3518 470 3578 participes,
484 3524 508 3566 ct
521 3520 546 3566 in
566 3519 608 3568 illo
624 3516 758 3568 benedicti.

125 3589 199 3637 Sicut
210 3585 326 3636 Christus
337 3585 380 3633 Dei
397 3585 463 3635 iilius
481 3593 516 3635 cst
533 3593 557 3636 ct
576 3588 681 3637 hisrahae
697 3586 764 3634 tilius
777 3606 783 3634 2
796 3587 830 3633 ita
846 3584 1023 3642 Christianus,
1036 3582 1165 3631 Christum

99 3657 215 3716 indutus,
228 3659 253 3704 et
269 3666 351 3703 unum
365 3655 424 3714 quid
437 3655 516 3706 incius
533 3671 591 3705 cum
608 3653 773 3714 Christo,llei
789 3654 857 3705 illius
868 3660 906 3704 ost
920 3660 945 3703 et
957 3654 1026 3702 iilius
1043 3649 1163 3706 thratia,

98 3731 121 3775 ct
138 3728 324 3785 consequenter
338 3723 416 3772 hacrcs
431 3723 491 3780 lici,
507 3725 586 3774 haercs
604 3724 757 3774 haereditatis
774 3722 853 3770 alien
868 3723 1001 3785 promissae
1018 3716 1122 3792 discutiar
1138 3718 1163 3758 ct

95 3798 150 3854 eius
161 3796 269 3853 semiui;
282 3792 392 3842 cohaeres
405 3792 512 3853 Christi,
524 3798 549 3842 et
565 3799 593 3843 ut
609 3799 646 3844 est
657 3793 763 3842 Abrahae
774 3791 856 3852 iilius,
869 3798 894 3840 et
909 3796 938 3839 ut
949 3795 987 3839 est
999 3787 1046 3859 liei
1056 3784 1133 3855 ”⁰⁰³1

126 3865 146 3912 0
164 3864 230 3912 heus
245 3862 406 3910 misericors!
419 3863 453 3910 sis
472 3863 498 3910 in
518 3867 641 3912 aternum
654 3861 816 3920 benedictus,
829 3860 861 3910 ob
875 3859 944 3908 hanc
960 3854 1025 3907 trsthi
1041 3850 1161 3903 sisenem-‘⁹

94 3933 161 3984 duro
174 3945 247 3984 servo
261 3936 306 3980 tuo
318 3920 517 3982 benedictionem
529 3946 672 3986 concessum
684 3971 690 3994 ,
699 3944 790 3994 jusque
801 3930 889 3979 datum
902 3928 934 3979 με
951 3929 1070 4047 Μίὲμωη
1084 3915 1162 3961 trari—

235 4013 266 4056 11.
