2512 4424
95 257 147 307 ‘iii
384 249 586 304 irrisionis
605 248 654 300 An
671 245 867 300 uendsios

126 349 235 410 inipso,
251 347 355 409 iuquam
365 383 372 405 ,
382 349 407 396 et
418 358 469 395 non
478 344 527 394 alio
540 357 548 391 a
561 346 613 406 ipse
622 345 691 392 enim
716 343 745 396 in
758 342 820 409 ipso
835 356 842 392 a
922 408 927 417 .

96 428 165 464 arnus
182 418 258 477 eaput
268 420 306 464 est
316 414 483 477 Angelorum,
497 419 522 462 et
539 414 691 473 hominum,

96 482 241 533 ludaeorum
253 482 422 543 ementium,
436 496 463 532 n.
478 485 517 530 22.

126 553 278 614 perquem,
298 555 323 601 et
337 560 438 615 propter
455 564 547 613 suem.
564 563 611 601 nos
629 549 691 610 spo
750 549 1155 625 utinquoetiametnossortt

97 621 154 671 stoli
163 659 170 682 ,
178 627 203 671 et
213 622 342 682 aliquialii
351 621 430 670 ludaei
440 659 447 681 ,
458 623 513 670 sine
524 620 576 669 nilo
584 632 614 669 ex
622 623 693 681 purte
715 634 805 688 vocati
817 645 927 695 sumus,

97 695 182 740 nostra
190 692 293 750 merito,
303 690 347 740 sed
356 689 426 751 qnasi
435 693 502 739 sorte
510 690 593 738 vocati
604 700 693 736 sumus

97 757 235 807 adssdem·

56 831 65 846 ·
128 826 159 874 At
170 838 198 874 ex
210 793 280 887 parte
295 825 354 882 liei,
369 826 401 875 ad
416 825 483 875 hanc
495 827 554 876 aute
568 823 631 874 aiios
646 836 693 874 vo-
715 819 903 888 praedestinati
920 815 1078 872 secundnm
1093 829 1156 882 pro·

30 928 34 934 -
97 891 693 957 cntionem,praedestinatiexdecretoilliusqui
715 899 837 965 posnam
864 896 924 964 ejus
948 895 999 963 qui
1030 899 1156 960 operatur

96 963 163 1013 nihil
175 963 292 1022 fortuito,
312 964 355 1014 sed
369 965 455 1013 omnia
472 962 532 1012 iacit
546 961 692 1022 voluntate,
717 977 809 1029 omnia
832 972 987 1028 secundnm
1013 971 1156 1026 mngppum

97 1043 142 1094 per
152 1031 278 1082 inlinitum
292 1034 442 1095 sapientiam
453 1030 557 1080 directi.
716 1053 867 1108 voluntatis
880 1065 973 1118 suae„

992 1173 1153 1188 a*

97 1241 158 1293 illuc
178 1241 305 1292 humiliati
321 1242 437 1293 homines
455 1243 577 1305 redeunt,
589 1245 657 1294 undo
676 1248 794 1308 apostatae
814 1243 896 1305 angeli
911 1240 1083 1305 superbiendo
1095 1242 1155 1292 oeci·

98 1311 199 1363 derunt.

128 1383 303 1433 instaurantur
313 1397 369 1445 qttae
380 1386 488 1434 interris
497 1389 566 1445 sunt,
575 1386 637 1435 dum
645 1388 787 1448 peccatores
795 1385 958 1444 adjustitiam
966 1384 1154 1435 convertuntur.

128 1451 179 1502 ilde
200 1452 288 1502 eadem
303 1453 527 1516 recapitulatione,
544 1467 613 1504 nunc
633 1454 724 1503 coelum
742 1458 767 1503 et
782 1459 849 1503 terra
870 1453 987 1503 eamdem
1002 1452 1103 1503 iaciunt
1117 1450 1154 1518 liei

98 1517 302 1579 domum,cujus
316 1533 438 1582 unapars
453 1522 582 1584 superior,
600 1521 678 1572 altera
693 1522 805 1572 interior.

128 1585 201 1636 Nunc
220 1585 307 1648 Angeli
328 1591 354 1637 et
374 1587 490 1638 homines
506 1603 584 1639 unam
602 1591 646 1640 lici
662 1589 786 1640 familiam
803 1593 978 1653 componunt3
995 1591 1072 1650 euius
1087 1588 1155 1651 capnt

98 1653 228 1714 Christus,
244 1655 336 1706 Christi
352 1661 439 1706 autem
453 1660 529 1720 capnt
543 1657 617 1708 Deus.
725 1662 729 1668 '

124 1724 198 1775 Nune
212 1723 300 1787 Angeli
312 1725 401 1776 iratres
413 1729 493 1777 nostri
509 1730 586 1788 snut,
605 1729 637 1778 ob
648 1728 778 1779 Christum
788 1731 923 1790 putremet
933 1730 1012 1788 ceput
1022 1729 1141 1776 nostrum.

128 1793 201 1843 Nune
217 1806 305 1844 omnes
323 1794 475 1857 Christiani,
494 1809 525 1845 ex
539 1809 691 1858 quocunque
708 1810 799 1858 genere
814 1802 839 1847 et
857 1810 887 1846 ex
907 1807 1063 1858 quacunque
1076 1797 1154 1856 gente,

98 1865 159 1912 sunt
158 1859 236 1981 1{nter
254 1875 281 1914 se
292 1863 399 1927 iratres,
414 1878 528 1928 unusque
540 1865 584 1916 liei
595 1866 704 1929 populus
718 1886 725 1915 =
742 1879 831 1917 ornnes
844 1870 869 1916 et
883 1863 977 1927 singuli
989 1869 1052 1915 sunt
1063 1862 1154 1913 domes·

98 1934 144 1982 tici
179 1935 211 1983 ei.
240 1962 242 1967 ·
748 1982 756 1990 ,

129 2000 208 2052 Tanto
219 2003 295 2066 igitur
305 2003 401 2054 honore
412 2003 520 2067 dignati,
535 2018 568 2056 ne
578 2004 699 2057 dedecore
715 2018 774 2056 eum
789 2004 929 2056 afficiamus
940 2040 947 2065 ,
958 2003 1005 2066 qul
1018 2014 1067 2052 nos
1079 2000 1154 2050 affecit

97 2073 220 2124 beneflcio
234 2095 240 2124 ε
256 2088 289 2124 ne
303 2074 426 2126 iaciamus
439 2082 467 2126 ut
481 2082 552 2127 tenta
566 2080 598 2128 eit
611 2078 683 2127 nobis
698 2078 782 2126 inanis
793 2078 872 2138 gratia
885 2094 892 2124 ι
905 2076 986 2125 vitam
999 2071 1154 2124 ostendamus

98 2142 237 2204 angelicam
249 2147 274 2192 et
290 2144 428 2205 angelicam
438 2148 572 2207 virtutem,
585 2152 610 2196 ei
622 2148 680 2196 vitae
692 2145 793 2206 agenda
809 2145 942 2193 rationem.
955 2143 1024 2204 Rogo
1043 2147 1069 2191 et
1080 2152 1154 2203 queso

99 2225 132 2261 ne
145 2211 199 2262 hnc
211 2215 297 2262 omnia
308 2215 359 2263 sint
370 2215 442 2264 nobis
454 2217 481 2264 iu
490 2216 617 2276 judicium
633 2219 658 2265 ct
674 2215 928 2273 condemnationem,
938 2211 1026 2263 sedad
1042 2208 1154 2262 truendo

98 2295 158 2353 rum
170 2283 294 2334 bonorum
307 2287 502 2352 perceptionem.
514 2285 543 2335 D.
557 2285 758 2349 Chrysostomus.

131 2380 160 2428 ln
177 2380 232 2441 ipso
244 2416 252 2438 ,
271 2378 366 2429 scilicet
378 2378 476 2428 Christo
485 2415 493 2438 ,
503 2389 580 2440 quem
590 2378 644 2436 jam
655 2373 733 2432 dixit,
744 2376 769 2422 et
784 2369 860 2435 quem
875 2373 965 2434 repetit
978 2372 1066 2422 ebrius
1077 2379 1155 2420 amoro

100 2444 210 2505 Christi,
225 2449 261 2496 ait
270 2447 442 2508 Fromoudus,
459 2446 499 2496 vel
512 2450 541 2496 ut
556 2446 582 2493 iu
594 2442 755 2505 paraphrasi,
768 2440 796 2489 a'n
808 2441 880 2502 ipro,
890 2445 916 2489 et
927 2451 981 2489 non
995 2442 1023 2490 in
1038 2439 1089 2488 allo
1100 2457 1107 2489 a
1119 2450 1154 2487 nee

100 2516 165 2564 caim
181 2516 254 2565 uliud
268 2530 357 2566 nomen
368 2523 431 2566 εει...

129 2587 159 2637 ln
171 2603 233 2650 qno,
247 2588 343 2638 scilicet
357 2589 455 2639 Christo
466 2626 472 2649 ‚
483 2602 527 2639 scu
538 2625 545 2650 ,
555 2588 587 2638 ob
602 2600 678 2649 quem
689 2589 715 2636 et
727 2597 772 2648 per
785 2596 861 2647 quem
873 2583 1014 2634 Christum.

128 2663 214 2712 Etiam
226 2669 249 2712 et
259 2677 316 2721 nos,
328 2662 438 2725 Apostoli
454 2668 479 2713 et
491 2663 534 2712 alii
549 2663 628 2711 ludaei
643 2661 676 2710 ad
691 2659 767 2709 iidem
782 2660 906 2708 conversi.

128 2732 174 2781 llic
186 2735 254 2781 euim
266 2733 296 2781 de
306 2732 399 2782 ludaeis
409 2736 474 2794 agit,
486 2733 517 2781 de
528 2730 668 2782 Gentilibus
678 2732 798 2789 acturus,
809 2743 836 2777 n.
853 2732 891 2777 13.

130 2808 200 2855 Sorte
219 2807 301 2855 vocati
315 2820 411 2855 aomos.
424 2808 461 2855 iix
476 2809 546 2868 parte
559 2813 644 2870 nostra
658 2841 665 2864 ,
677 2816 730 2853 sors
749 2803 798 2851 iuit
808 2805 893 2851 nostra
904 2799 937 2848 ad
950 2799 1029 2850 tidem
1048 2801 1156 2850 voeatior

99 2875 163 2924 nihil
176 2878 272 2936 egimus
284 2876 315 2923 olo
328 2876 396 2936 quod
407 2878 491 2925 vocari
504 2877 674 2924 meruerimus
685 2894 692 2922 ι
705 2871 806 2921 nullum
820 2871 873 2919 haeo
886 2874 972 2919 nostra
984 2871 1084 2920 vocatio
1103 2880 1158 2929 sup

98 2947 181 3006 posuit
200 2957 230 3034 en
250 2948 321 3006 parte
345 2948 430 2993 nostra
450 2947 584 3004 meritum,
604 2946 670 2993 sicut
690 2954 744 2991 sors
767 2943 795 2990 in
814 2939 982 2989 electionibus
1001 2941 1093 2989 merita
1112 2948 1158 2987 nou

98 3016 202 3073 spectat.

127 3089 302 3138 Prodestinnti
311 3088 445 3138 comodum
453 3089 640 3150 propositum...
652 3085 715 3132 κατὰ
726 3085 844 3149 πρόθεσιν.
855 3085 887 3134 m
898 3097 929 3133 ex
936 3087 1009 3145 parte
1016 3083 1160 3144 lietnostra

99 3158 195 3204 vocatio
211 3156 260 3205 init
272 3157 375 3205 effectus
386 3155 529 3215 electionis,
544 3156 769 3217 praedestinationis
777 3190 783 3213 ,
791 3154 896 3202 decreti.
907 3151 1055 3211 Benedixit,
1065 3149 1159 3200 vocavit

99 3228 265 3286 intempore,
281 3229 348 3276 sicui
364 3231 389 3275 et
402 3227 462 3287 quia
474 3225 547 3285 elegit
558 3229 584 3273 et
597 3225 784 3286 pradestinavit
796 3224 827 3271 ab
841 3225 944 3271 aterno.
959 3220 1062 3270 Viden.
1075 3223 1089 3269 3
1103 3223 1127 3268 et
1139 3218 1159 3266 i.

129 3298 191 3360 Ejus
205 3301 248 3360 qni
261 3307 380 3363 operetur
392 3301 507 3349 omerio...
519 3299 563 3347 Dei
575 3335 581 3358 ,
595 3301 740 3358 ouiomnia
753 3301 871 3361 operatur
885 3295 1018 3346 voluntate
1029 3291 1161 3345 dedbsntt

100 3372 125 3416 ct
140 3380 184 3428 per
200 3367 324 3416 infinitam
338 3370 488 3429 sapientiam
503 3367 607 3416 directa.

130 3436 181 3484 Hoc
197 3436 334 3497 signifieat,
348 3437 482 3486 secondom
496 3436 658 3486 consilinm...
673 3436 739 3486 nihil
751 3450 811 3486 casu
828 3440 874 3485 nut
888 3433 1011 3496 fortuito,
1024 3433 1070 3484 sed
1080 3433 1159 3482 omnia

100 3505 282 3565 sapientissime
294 3509 319 3553 ct
330 3505 360 3554 oh
372 3508 481 3555 rationes
494 3506 541 3555 sibi
553 3511 626 3554 notas
638 3542 645 3566 ,
659 3505 718 3554 licet
728 3507 868 3565 incognitas
879 3504 961 3553 nobis.

129 3579 172 3630 Gr.
191 3579 349 3640 ἐκληρώμεθα,
361 3583 441 3630 sortiti
453 3596 556 3644 sumus,
569 3588 597 3633 ut
608 3583 667 3644 legit
677 3582 840 3642 Ambrosius,
852 3581 879 3630 id
890 3584 943 3639 est,
956 3583 984 3629 in
997 3583 1109 3640 sortem,
1120 3589 1160 3628 seu

100 3651 196 3708 portem
206 3649 279 3697 nobis
290 3646 473 3697 haereditariam
485 3654 557 3700 asciti
569 3665 666 3701 sumus.

128 3717 186 3766 Sors
196 3723 299 3768 vocatur
310 3717 442 3765 hareditas
451 3755 457 3777 ,
467 3723 526 3778 naria
536 3723 675 3782 antiquitus
686 3722 818 3770 hareditas
830 3725 896 3770 sorte
910 3721 1080 3786 dividebatur.

129 3786 182 3846 Quo
192 3799 267 3835 sensu
279 3784 420 3845 significata
431 3789 513 3835 vocati
527 3801 615 3838 sumus
627 3790 841 3839 adhaereditatum
853 3804 912 3839 cum
926 3790 1031 3850 reliquis
1042 3790 1084 3839 Dei
1096 3788 1159 3846 titiis,

99 3855 152 3970 εῐνῗ
165 3853 272 3971 arastis,
290 3854 343 3900 siro
357 3850 504 3900 hominibus
512 3871 521 3909 ς
533 3853 585 3903 imo
598 3868 655 3906 cnm
673 3859 727 3920 ipso
746 3857 864 3908 Christo:
877 3859 992 3909 Heredes
1003 3861 1067 3919 Dei,
1083 3858 1159 3908 eolo·

101 3935 168 3970 recca
221 3921 286 3971 riuti.
