2512 4424
154 219 210 275 θα)
449 215 654 277 EPISTOLAE
673 210 927 269 habitaris

186 313 260 364 Scitis
269 310 337 375 quiid
350 323 394 376 per
406 311 581 375 Baptismum,
598 314 623 360 et
641 323 686 373 per
700 323 754 359 ma·
810 313 837 364 2.
856 312 912 363 iioc
924 303 1015 362 solim
1032 299 1145 361 &vobis
1155 299 1215 359 tolo

155 395 236 432 uuam
253 386 396 432 uestrarum
408 382 611 445 impositionem,
631 381 753 444 Spiritum
777 388 904 441 discere:

154 447 277 500 Sanctum
295 450 445 510 accepistis,
465 454 491 497 et
510 461 554 510 per
570 461 629 499 eum
647 447 755 510 prophe-

154 518 243 579 tastis,
264 518 358 580 linguis
377 517 454 567 locuti
473 519 549 578 ostis,
567 517 691 568 miracula
709 529 755 579 pa·

154 586 256 647 tristis;
270 598 351 635 unum
363 597 421 645 ergo
434 586 449 634 i
460 583 531 634 vobis
542 588 599 646 peto
612 604 618 633 :

185 652 267 702 Lerne
280 651 350 701 dedit
363 652 434 701 vobis
445 652 567 702 Sanctum
578 651 716 714 Spiritum,
730 657 754 700 et
778 659 819 710 ,tn
827 670 859 709 ex
868 653 1000 722 operibus
1007 650 1078 720 legis
1086 647 1215 718 spiritum

153 718 201 770 itas
216 719 324 783 Spiritus
342 721 518 783 operationesi
777 731 942 798 accepistis?

184 804 224 856 An
238 806 299 856 verb
318 805 380 856 iides
397 807 424 855 in
439 805 526 856 iesum
537 803 683 865 Christum,
697 818 754 867 quae
778 814 820 863 An
832 824 866 862 ex
880 806 977 862 auditu
990 804 1077 860 fidei?

153 873 225 923 robis
242 887 288 936 per
304 873 509 936 predicationem
524 872 608 923 oblata
624 875 681 921 esti
696 872 754 921 Ger·
913 874 915 878 '

152 942 251 992 animi
260 954 312 992 non
323 942 379 1003 lex,
390 942 434 992 sed
444 941 515 991 ddes.

155 1034 1214 1060 ,,,....-.-.............-..--.--.-.--

183 1100 231 1150 Sed
251 1102 350 1163 primus
373 1104 411 1150 est
426 1099 479 1148 divi
498 1100 685 1159 chrysostomi,
705 1095 870 1155 Theodoreti,
885 1091 1081 1157 Theophyiaoti,
1102 1097 1128 1143 at
1146 1094 1213 1154 iuxta

151 1172 250 1221 tautum
263 1169 396 1229 Graccum,
413 1167 469 1218 ideo
484 1167 664 1230 proterendos.

183 1251 340 1302 Ousuavtrro
353 1248 544 1300 scansis-i).
555 1248 648 1298 Paulus
660 1246 761 1298 Galatas
771 1250 922 1306 sanaturus,
934 1248 964 1295 ut
976 1246 1078 1308 sapiens
1089 1243 1211 1304 medicus,

152 1322 234 1372 morbi
253 1334 356 1370 causam
367 1324 392 1369 et
408 1321 564 1382 principium
582 1319 697 1368 observat
712 1322 737 1367 et
756 1319 854 1379 tangit,
865 1315 961 1365 scilicet
973 1314 1066 1364 Christi
1087 1327 1134 1377 pro
1145 1313 1211 1363 nobis

151 1391 246 1439 mortui
258 1389 409 1438 oblivionem
416 1407 424 1448 ;
439 1400 483 1436 seu
499 1400 551 1437 non
562 1390 686 1437 attentam
699 1386 732 1436 ad
743 1385 872 1436 (hristum
882 1421 889 1445 ,
901 1383 993 1433 Filium
1005 1383 1066 1443 Dei,
1083 1395 1130 1446 pro
1145 1383 1210 1432 nobis

152 1457 320 1518 crucifixum,
333 1456 569 1506 considerationem.

183 1526 209 1576 Si
221 1527 290 1575 euim
301 1528 389 1575 mortis
399 1525 476 1586 huius
486 1525 606 1576 maritum
616 1529 641 1576 et
649 1525 768 1576 effectum
779 1523 969 1588 perpendissent
975 1521 1079 1584 Galatte,
1086 1522 1120 1573 ad
1130 1520 1210 1585 legalia

152 1607 284 1656 nunquam
295 1596 460 1645 recurrissent
470 1614 476 1644 ε
488 1597 509 1644 si
520 1595 649 1645 Christum
661 1597 689 1645 in
700 1607 785 1655 cruce,
795 1598 825 1644 ut
832 1595 937 1654 lustitia
947 1591 1053 1653 iontem,
1061 1596 1088 1642 et
1099 1591 1209 1642 humanu

151 1664 241 1715 mintis
259 1665 417 1726 remedium,
435 1666 531 1715 attente
544 1678 589 1728 per
607 1665 683 1716 iidem
698 1666 784 1716 intuiti
801 1663 924 1724 inissent,
944 1662 978 1712 ad
997 1662 1133 1725 dissipatas
1154 1661 1208 1725 ispa

151 1737 274 1787 cisternas
285 1740 309 1785 ct
322 1735 355 1786 ad
368 1749 444 1798 egena
458 1737 582 1786 elementa
593 1748 645 1785 non
656 1737 833 1786 recurrissent.
1150 1779 1153 1782 Α

181 1807 214 1857 iit
232 1808 299 1858 idem
313 1808 386 1858 nobis
403 1821 456 1858 non
472 1811 589 1868 eueniat,
608 1812 633 1857 et
646 1821 679 1857 ne
692 1807 754 1869 quid
770 1805 853 1856 simile
871 1804 945 1855 nobis
960 1804 1106 1868 exprobrari
1121 1806 1205 1868 possit,

151 1874 281 1942 Christum
298 1889 344 1938 pro
361 1877 434 1925 nobis
454 1878 481 1926 in
495 1890 571 1926 eruce
582 1877 750 1940 pendentem,
762 1886 858 1936 suoque
875 1876 998 1936 sanguine
1011 1877 1116 1937 peecata
1129 1877 1205 1924 nosua

150 1950 314 2008 purgantem,
326 1944 406 1994 ocuiis
417 1944 474 1995 iidei
486 1958 584 2009 semper
590 1947 751 1994 iutueamur.

181 2012 242 2132 Vide
252 2013 404 2076 pendentem
415 2017 440 2064 et
450 2013 482 2063 de
495 2027 542 2066 suo
553 2016 676 2077 sanguine
689 2013 735 2063 tibi
750 2011 965 2064 medicamentum
978 2010 1168 2074 ooniicientem,
1176 2007 1205 2061 aii

149 2083 180 2134 1).
216 2097 258 2145 ug.

149 2153 265 2272 helmiago
280 2153 399 2204 Cruciiixi
410 2156 443 2205 sit
459 2157 531 2218 quasi
543 2156 606 2207 iiber
622 2153 715 2218 ubique
727 2150 774 2206 tibi
788 2146 959 2218 depraedicans
970 2155 1022 2204 tum
1033 2147 1202 2218 redemptionis

182 2234 213 2271 ue
232 2226 311 2272 cium.

180 2290 256 2349 Crux,
265 2303 324 2339 cum
336 2304 381 2341 suo
393 2292 468 2342 titulo
478 2332 484 2355 ,
496 2293 568 2343 Iesus
578 2295 737 2355 Nazarenus,
750 2300 798 2343 etc.
811 2291 928 2354 salvator,
937 2293 970 2342 sit
982 2294 1066 2355 imago
1075 2293 1201 2350 Christum,

149 2371 196 2408 suo
212 2363 332 2420 sanguine
345 2366 416 2411 tuam
435 2361 543 2412 salutem
562 2368 724 2426 operantem,
736 2366 927 2425 repraesentans.

179 2427 223 2477 liei
239 2433 326 2478 autem
339 2432 461 2492 sanguine
473 2431 631 2494 redemptus,
644 2434 670 2481 in
684 2436 758 2480 tuum
771 2430 962 2492 Redemptorem
974 2442 1065 2494 spera;
1077 2431 1092 2481 i
1103 2437 1147 2482 tuo
1159 2428 1202 2481 Sai-

148 2499 235 2545 vatore
246 2496 353 2547 salutem
368 2504 498 2561 exspecta,
510 2502 537 2549 in
550 2499 591 2549 iilo
606 2501 694 2550 salutis
706 2499 773 2549 tonte
787 2499 895 2549 salutem
905 2499 994 2561 hauri,
1005 2498 1073 2562 tide,
1087 2512 1140 2564 spe,
1151 2500 1202 2552 cba-

147 2568 238 2627 ritate,
251 2580 295 2616 seu
308 2567 357 2617 iide
370 2581 415 2630 per
428 2568 576 2619 charitatem
591 2574 718 2633 operante.

178 2636 274 2685 iturum
293 2638 417 2684 virtutum
434 2643 507 2685 actus
531 2639 583 2687 sint
601 2641 628 2687 in
647 2639 719 2688 nobis
737 2639 770 2687 ad
790 2641 869 2688 vitam
884 2641 970 2700 gratim
988 2643 1063 2701 quasi
1080 2639 1201 2698 continui,

148 2704 215 2753 sicut
226 2703 259 2752 ad
276 2706 355 2753 vitam
377 2707 475 2754 natura
489 2709 573 2755 motus
588 2706 671 2755 cordis
683 2711 721 2756 est
735 2709 872 2756 continuus
885 2725 892 2755 ι
909 2707 939 2756 in
956 2710 998 2768 te,
1016 2707 1124 2759 Domine
1134 2744 1142 2771 ,
1154 2717 1201 2771 spo·

147 2775 217 2834 rari,
234 2777 282 2823 etc.

177 2857 202 2903 2.
216 2858 269 2904 Hoc
287 2854 370 2905 sotim
387 2855 488 2906 duobis
505 2856 563 2906 ocio
578 2857 700 2907 duem...

176 2922 270 2973 Galatae
283 2925 405 2987 Spiritum
417 2925 539 2974 Sanctum
552 2926 683 2977 visibiiiter
694 2930 841 2989 receperant
855 2921 919 2977 cum'
933 2924 1130 2981 chartsmaiibus
1140 2931 1200 2994 eiua,

146 2992 242 3043 seilicet
258 2994 324 3042 dono
337 2993 498 3055 linguarum,
507 2997 659 3059 prophetiae,
670 2998 841 3059 curationum,
851 3000 898 3047 ete.
913 3015 920 3046 ε
936 2997 963 3046 id
974 3000 1045 3048 enim
1059 3012 1089 3050 eo
1099 3004 1201 3066 tempore

146 3066 201 3112 erat
213 3063 380 3111 ordinarium.

176 3129 229 3178 iios
248 3128 329 3190 iacto,
343 3129 437 3180 Galatis
454 3133 572 3182 omnibus
588 3137 662 3193 uoto,
681 3131 724 3182 hic
741 3133 869 3199 supposito
874 3153 883 3194 ;
897 3133 987 3197 quaerit
999 3134 1032 3184 ab
1051 3137 1089 3187 eis
1109 3141 1138 3189 ut
1153 3136 1201 3187 iiios

146 3201 234 3259 urgeat
245 3217 251 3246 ι
264 3201 303 3247 Aa
316 3201 473 3262 exoperibus
489 3202 580 3264 lepis...

124 3323 126 3328 ¹
175 3268 238 3316 Nota
250 3272 306 3328 post
317 3267 346 3318 b.
355 3268 538 3332 hieronymum
548 3272 564 3320 a
575 3270 681 3332 Gagneo
693 3268 946 3333 observatum,un
960 3284 1013 3322 non
1024 3274 1088 3325 dieit
1100 3275 1199 3336 Paulae,

146 3350 180 3387 aa
191 3351 219 3385 ec
230 3337 365 3398 operabar?
376 3339 469 3388 sciebat
480 3341 550 3389 enim
569 3339 713 3389 Comeiium
729 3343 903 3391 centurionem
915 3352 946 3391 ex
958 3343 1078 3405 operibns
1089 3345 1200 3410 Spiritum

145 3407 284 3467 accepisse;
295 3405 339 3454 sed
354 3406 436 3468 addit,
450 3422 485 3457 aa
497 3422 526 3458 er
541 3410 659 3472 operibus
674 3410 755 3471 lepis?

175 3482 214 3530 Aa
227 3494 254 3529 aa
269 3481 360 3598 (indm
371 3481 450 3544 fidei?
461 3481 489 3532 id
501 3487 553 3545 est,
566 3496 601 3536 au
617 3495 647 3534 ex
666 3483 715 3533 iide
725 3520 733 3544 ,
745 3495 822 3545 quam
834 3496 879 3548 per
889 3483 1079 3548 predicationis
1091 3489 1198 3542 auditum

144 3551 271 3611 recepistis

173 3618 332 3668 itaniiestum
343 3622 396 3668 erat
405 3618 473 3681 quid
488 3633 540 3670 nou
558 3620 715 3684 exoperibus
726 3619 802 3682 legis,
814 3618 846 3670 de
857 3619 908 3683 qua
924 3622 1041 3673 noudum
1052 3625 1195 3678 audierant:

143 3699 201 3750 ergo
217 3701 262 3751 per
272 3687 358 3738 iidem.
370 3689 441 3739 Unda
454 3689 585 3740 concludit
593 3690 660 3752 quod
670 3691 702 3740 ab
715 3692 788 3739 initio
801 3688 875 3750 dixit,
882 3687 938 3741 ilios
948 3690 1046 3743 scilicet
1055 3694 1195 3747 insensatos.

173 3774 197 3820 3.
210 3771 253 3819 Sic
263 3770 334 3820 stulti
349 3772 435 3820 estis...
450 3774 506 3832 post
515 3772 585 3833 signa
593 3808 601 3832 ,
610 3771 641 3821 ud
652 3774 873 3823 circumcisionem
886 3772 1037 3834 devenistis;
1047 3782 1104 3839 post
1114 3790 1193 3842 appra

142 3838 248 3888 hensam
261 3840 408 3898 veritatem,
421 3839 454 3886 ad
468 3843 542 3901 typos
560 3840 699 3901 recid1st1s3
710 3845 767 3904 post
785 3845 949 3904 conspectum
965 3840 1044 3892 solem
1054 3880 1062 3905 ,
1074 3845 1192 3899 lucernam

142 3908 255 3968 quartus
265 3925 274 3968 ς
284 3910 340 3970 post
350 3906 460 3958 solidum
470 3908 555 3960 eibum
564 3943 573 3970 ,
583 3908 617 3960 ad
626 3909 666 3961 iac
677 3911 818 3964 recurritis.
832 3910 862 3964 ii.
876 3908 1080 3974 carpentorum
