2512 4424
151 253 206 310 202
450 252 654 308 EPISTOLAE
674 252 723 306 AD
741 251 923 306 dissuis

150 346 262 399 tidcatus
270 349 325 410 est,
337 347 397 410 cuia
405 346 459 398 lise
474 346 590 399 credidit.
601 345 691 397 denes.
705 347 734 396 ts
741 366 750 407 ;
773 353 901 416 putatum
910 351 956 400 cst
967 342 1006 399 iiii
1017 339 1056 398 ad
1067 338 1210 411 iustitiam.

150 416 187 467 ita
200 418 224 466 ct
234 429 280 466 ros
291 428 319 466 es
330 414 381 466 tide
391 415 485 467 Christi
494 416 625 478 iustificati
639 416 708 466 estis.

181 483 342 546 copnnmtts
358 497 415 548 ergo
438 484 506 546 cuod
521 484 599 545 tides,
620 495 672 534 non
694 481 750 543 lex,
809 491 835 540 7.
858 483 1022 551 cognoscite
1039 492 1126 549 ergo,
1148 479 1211 546 noia

152 553 228 605 iaciat
234 567 307 605 veros
317 554 423 605 Abrahae
433 555 515 616 iiiios;
527 555 561 605 ad
572 566 651 616 quos,
663 565 751 603 conse-
775 563 824 629 qur
841 577 874 616 ex
891 561 946 615 fide
958 565 1036 626 gunt,
1053 559 1074 612 ii
1089 563 1155 612 suns
1166 557 1211 610 filii

151 627 276 686 poenior,
292 625 403 687 pertinet
415 623 576 683 benedictio,
594 623 712 684 iustitia,
726 626 751 672 ct
777 639 903 694 Abrahae.

151 692 220 742 salus
231 693 336 743 Abrahae
347 694 480 755 promissa.

181 762 247 812 ilinc
257 762 385 825 scriptura
395 762 566 824 prospiciens,
576 763 602 811 ct
611 758 751 823 prerttcns
808 757 835 808 8.
849 752 1001 806 Providens
1012 756 1108 805 sutem
1120 748 1211 815 scrip-

150 834 236 890 gentes
247 830 261 878 i
274 828 325 879 lieo
332 829 500 890 iustificatum
511 829 543 877 iri
555 840 585 877 ex
595 827 657 886 ilde,
669 824 750 874 multi)
775 838 854 893 rupa,
874 829 940 898 quia
961 843 995 883 εχ
1015 828 1071 881 fide
1082 826 1211 895 justificat

149 905 210 950 srrte
221 899 284 951 iliud
300 898 406 950 Abrshae
419 899 535 961 predixit
546 897 609 960 (Gr.
621 908 750 959 preeran-
774 916 871 977 gemes
901 914 991 974 Deus,
1018 904 1210 978 pmnumpavp

151 969 265 1033 retharii
276 968 303 1032 ),
317 969 343 1019 id
359 972 410 1031 est,
430 969 479 1019 hoc
502 967 662 1017 latissimum
680 964 750 1016 dedit
774 989 890 1042 Abfflhae
906 1004 914 1040 :

153 1038 372 1167 eigamma
384 1115 472 1153 ornnes
482 1101 749 1165 genteslustiticabnn-
773 1097 842 1161 Quia
853 1096 1056 1149 benedicentur
1073 1095 1105 1149 in
1116 1099 1209 1150 wem-
1244 1102 1246 1106 ·

151 1175 193 1223 tor
203 1178 229 1224 ct
238 1173 403 1223 salrabmtur
419 1174 446 1221 in
456 1178 498 1232 te,
512 1171 602 1230 idest,
614 1171 642 1219 in
653 1172 750 1219 semine
774 1191 825 1229 nes
836 1181 942 1243 gentes,

153 1245 212 1302 tuo,
230 1245 257 1291 tn
274 1241 373 1291 Christo
384 1278 390 1301 ,
402 1253 447 1290 sen
462 1253 507 1303 per
523 1239 653 1288 Christum
665 1243 692 1288 et
704 1251 749 1301 per

152 1310 226 1363 tien
238 1313 265 1360 in
275 1309 414 1360 Christum.

181 1379 277 1429 Fideles
289 1381 388 1440 itaque,
399 1377 476 1427 fldem
488 1376 594 1427 abrahe
605 1378 748 1436 imitantes,
809 1379 835 1428 9.
850 1372 935 1440 igitur
954 1372 1003 1439 qui
1015 1382 1049 1425 ex
1064 1372 1121 1424 tice
1132 1375 1203 1432 sunt.

151 1479 1204 1505 ‚-—---------—--—-—---

180 1536 272 1589 Paucis
287 1540 332 1591 iric
350 1537 413 1589 dicit
429 1540 497 1601 qnod
513 1540 593 1590 insitis
609 1539 642 1590 ad
656 1540 728 1590 iiorn.
748 1542 778 1601 t,
789 1553 817 1590 n.
833 1541 866 1599 9,
885 1539 972 1598 earcuo
984 1537 1129 1589 secondum
1139 1546 1205 1597 argo·

151 1611 267 1657 mentum
280 1620 330 1670 qno
342 1608 446 1671 probat,
464 1621 495 1658 ex
514 1609 581 1667 tide,
595 1622 646 1658 non
659 1622 689 1659 ex
702 1610 820 1672 operibus
833 1607 907 1668 legis,
919 1605 975 1655 deri
991 1604 1203 1666 iustificationes,

150 1677 183 1727 ab
201 1677 315 1741 exemplo
332 1677 439 1727 Abrshse
461 1678 616 1739 deductum,
634 1680 678 1740 ptri
693 1683 754 1728 anie
772 1677 992 1727 circumcisionem
1014 1678 1040 1724 et
1059 1673 1141 1724 molid
1155 1677 1204 1723 autc

150 1747 231 1864 {egem
242 1746 395 1808 testificatus
404 1751 457 1810 est3
468 1749 528 1809 quia
539 1748 590 1797 Deo
605 1747 712 1798 credidit
722 1748 880 1810 promittenti
889 1757 977 1796 semen
988 1756 1018 1794 ex
1029 1756 1109 1794 uxore
1126 1741 1202 1794 stertit.

172 1827 242 1865 cnm.
258 1817 295 1865 15.
310 1819 334 1865 6.

180 1902 205 1947 7.
220 1898 362 1961 Copoosce'tc
377 1911 448 1960 erpo.
461 1897 517 1958 Syr.
534 1899 632 1947 scitote.
1014 1909 1016 1913 ·

183 1967 251 2026 ocio
264 1968 310 2028 pus
320 1979 350 2015 cc
363 1967 426 2028 fide,
445 1964 471 2015 id
487 1967 524 2014 cst
533 2002 540 2026 ‚
550 1967 610 2026 quia
622 1963 765 2025 credentes,
775 1963 852 2013 tidem
873 1961 980 2012 Abrahae
993 1964 1140 2024 imitantes,
1152 1961 1202 2011 sont

150 2033 293 2097 spirituales
303 2034 410 2083 Abrahae
425 2032 487 2092 tilii,
499 2036 524 2081 et
542 2034 587 2092 qui
597 2033 613 2080 i
624 2033 674 2081 lieo
692 2035 719 2082 in
736 2031 863 2083 Abraham
881 2031 943 2080 sunt
958 2029 1089 2081 benedicti
1101 2049 1108 2080 ι
1120 2033 1149 2079 ut
1163 2028 1201 2092 ipsi

149 2101 256 2150 abrahe
272 2101 471 2163 prenuntiatum
483 2100 529 2148 est.
539 2098 600 2149 Vide
612 2112 714 2150 versum
725 2102 881 2160 sequentem.

180 2185 205 2231 8.
216 2182 355 2231 Providens
373 2188 458 2230 cutem
472 2181 636 2242 scripturo...
649 2181 738 2242 idest,
752 2179 902 2244 previdens.

180 2248 302 2309 Loquitur
315 2248 347 2297 de
361 2247 490 2310 Scriptura
503 2247 574 2297 velut
591 2247 621 2296 dc
641 2248 837 2309 homine,i1inc
856 2248 992 2309 Scriptura
1009 2249 1165 2311 prospiciens
1182 2249 1201 2296 et

149 2317 318 2378 mercidem...
330 2315 356 2364 id
367 2318 422 2375 est,
433 2314 543 2376 Spiritus
558 2315 666 2364 Sanctus
677 2317 703 2364 ln
716 2315 853 2377 Scripturis
863 2314 978 2375 loquens.
1101 2362 1109 2374 ,

181 2381 225 2431 Vel
238 2385 303 2432 sicut
316 2385 419 2446 syriace
430 2383 512 2432 versio
524 2394 532 2430 t
544 2381 682 2431 cumcuim
693 2387 821 2445 presciret
831 2383 896 2432 Deus
906 2395 951 2445 per
961 2382 1038 2432 iidem
1046 2384 1200 2445 justificatum

150 2453 198 2513 iri,
212 2456 260 2502 etc.

180 2525 404 2576 Pronuntiavit...
420 2525 464 2577 Gr.
488 2525 720 2589 praeerangeliaavit
735 2543 742 2577 r
759 2525 809 2577 hoc
821 2528 943 2576 nuntium
963 2525 1125 2579 latissimum
1144 2526 1200 2578 dedit

150 2595 272 2656 abraha,
287 2597 420 2646 nimirum.

183 2671 250 2728 Quia
269 2671 452 2729 benedicentur,
461 2669 686 2731 justificabuntur,
698 2673 727 2718 ut
739 2669 845 2720 audiant
859 2682 867 2718 r
882 2670 980 2728 Venite,
996 2670 1127 2722 benedicti.

181 2739 211 2787 Io
226 2745 263 2796 te,
274 2738 301 2787 id
316 2744 367 2799 est,
387 2751 431 2801 per
449 2743 523 2787 tuum
540 2750 643 2798 semen,
663 2751 708 2787 seu
725 2751 769 2800 per
792 2738 921 2788 Christum
940 2737 1024 2788 tilium
1040 2745 1117 2790 tuom
1130 2743 1155 2791 ei
1166 2749 1201 2805 pei

150 2805 225 2858 iidem
237 2808 264 2856 in
275 2820 352 2869 cum,
364 2808 404 2858 rei
416 2806 449 2858 ad
461 2810 499 2856 tui
514 2807 716 2856 similitudinem.

183 2880 268 2930 Omnes
278 2887 372 2942 pecte,
383 2881 409 2930 id
422 2882 473 2941 est,
484 2893 572 2929 omncs
582 2893 684 2942 prorsus
697 2883 828 2942 nationes,
840 2893 884 2930 seu
894 2881 1029 2944 hebraicae,
1042 2895 1087 2933 seu
1099 2883 1200 2947 gentiles.

124 2970 129 2977 ·
179 2949 244 2999 iiiuc
263 2949 377 2999 Christus
395 2948 489 2999 iudaeis
509 2949 571 2999 dixit
588 2949 619 2998 de
637 2950 781 3010 Abraham,
799 2951 863 3000 vidit
875 2952 949 3000 'diem
962 2965 1048 3001 meum
1065 2960 1087 3002 et
1110 2955 1201 3017 posses

150 3024 193 3068 est.
209 3018 274 3068 iiiuc
294 3020 363 3068 enim
377 3021 518 3067 maximum
532 3019 637 3069 Abrahae
648 3020 783 3080 gaudium,
796 3023 854 3080 quia
870 3025 940 3083 pater
957 3025 1076 3074 emnium
1085 3027 1201 3085 justorum

151 3089 176 3136 ct
187 3091 333 3136 sanctorum
345 3101 352 3137 ε
364 3100 423 3147 scu,
443 3092 470 3135 ut
487 3090 524 3137 ait
534 3088 679 3137 Ambrosius
690 3129 698 3151 ‚
709 3091 769 3149 quia
785 3089 865 3138 forma
882 3088 964 3138 iactus
978 3095 1015 3138 est
1027 3095 1145 3143 omnium
1156 3104 1201 3144 crs·

150 3154 283 3215 dentium,
300 3160 330 3204 ut
347 3156 374 3204 hi
392 3156 518 3206 benedicti
536 3159 564 3207 in
578 3170 607 3206 eo
623 3160 674 3206 sint
686 3195 692 3218 ,
703 3161 747 3219 qui
764 3159 871 3209 credunt
882 3166 1034 3221 :sequentes
1054 3164 1123 3214 enim
1137 3163 1201 3213 iidem

150 3226 221 3284 ejus,
233 3227 365 3288 participes
378 3225 444 3276 dunt
454 3227 634 3276 benedictionis
647 3227 768 3287 eiusdem.

179 3291 244 3342 Hinc
260 3294 337 3343 etiam
357 3298 438 3358 potest
454 3296 547 3358 optime
568 3296 704 3358 explicari,
719 3297 890 3347 benedicentur
905 3299 934 3347 io
950 3303 987 3357 te,
1005 3297 1032 3349 id
1052 3304 1107 3362 est,
1126 3301 1157 3351 ad
1169 3304 1200 3350 tu

59 3368 62 3372 '
149 3361 356 3425 similitudinem,
367 3377 458 3429 nempe
473 3378 518 3429 per
531 3364 616 3426 iidem,
627 3367 695 3416 elcut
705 3369 730 3416 et
741 3369 770 3415 tu
781 3371 883 3430 propter
893 3365 970 3419 fldem
981 3370 1055 3418 tuam
1065 3371 1201 3422 benedictas

150 3432 176 3478 et
188 3429 297 3481 salvatos
313 3445 347 3482 es.
472 3494 474 3497 Ι

180 3499 246 3550 iiiuc
257 3505 327 3563 pater
342 3502 401 3552 ssdci
420 3507 512 3552 nostrie
533 3503 668 3552 Abraham.

180 3585 206 3633 9.
222 3583 304 3644 icitur
316 3586 361 3646 pcc·
376 3599 405 3634 ec
415 3585 464 3647 fide
482 3592 569 3633 scot...
582 3583 638 3646 Syr.
650 3585 735 3646 itaque
747 3583 832 3655 fideics
843 3585 1029 3636 benedicuntur
1041 3590 1069 3638 in
1085 3587 1198 3638 soniam

179 3685 306 3770 sirmam
318 3733 362 3784 per
372 3722 573 3770 antonomasiam
585 3721 666 3771 tidelis
677 3722 785 3784 dicitur,
795 3724 856 3785 quia
866 3722 928 3775 tides
941 3725 970 3775 in
990 3736 1020 3775 eo
1033 3725 1143 3777 maximi
1152 3721 1196 3775 col·

148 3788 215 3848 tuit,
228 3789 260 3838 ob
270 3801 346 3849 quam
359 3794 466 3837 vocatur
479 3792 549 3850 pater
563 3793 587 3838 et
601 3790 652 3839 dux
670 3789 793 3842 fidelium.

180 3856 217 3905 Ex
231 3856 382 3919 supradictis
395 3860 477 3918 potest
487 3855 530 3904 hic
546 3855 599 3906 lieri
613 3858 771 3921 syllogismus

181 3922 230 3985 Qui
240 3924 291 3977 lieo
303 3923 430 3986 credunt,
441 3935 486 3975 seu
498 3922 602 3988 iidelcs,
613 3929 674 3977 sont
688 3926 831 3992 spirituales
846 3926 928 3980 tidelis
941 3928 1051 3984 maire
1065 3929 1124 3995 titi,
1138 3925 1192 3980 ctu
