2512 4424
151 285 204 336 258
451 280 648 334 EPISTOLAE
668 278 717 331 ,tn
734 274 914 331 enutris

182 377 213 426 lat
234 377 377 437 quicunque
397 374 465 425 hanc
487 375 611 437 regulam,
632 375 663 424 de
684 386 747 423 nova
806 370 849 424 t6.
863 374 896 424 Et
906 369 1066 438 quicunque
1075 364 1148 420 hane
1163 377 1200 418 re·

151 443 247 494 scillcet
269 449 400 504 creatura,
419 444 532 506 proxime
552 444 687 504 traditam,
704 455 748 492 sen
772 451 864 518 gulam
877 446 965 503 peculi
978 446 1098 510 tuas-im

152 512 182 561 tle
197 511 375 572 justificatione
395 514 423 561 ln
442 515 494 562 tota
514 511 624 576 Epistola
639 511 749 576 explica·

151 578 434 641 tam‚sccutiluorint;
1080 634 1088 648 ,
1135 633 1142 647 ‚

182 647 232 697 Pax
245 648 278 696 sit
293 651 318 696 et
330 647 502 697 misericordia
516 660 590 711 super
606 644 678 707 illos,
697 648 750 696 sivo
772 652 824 706 pax
838 653 922 706 super
931 637 993 691 illos
1006 642 1034 690 et
1050 645 1202 689 mrsencor·

152 714 262 764 Gentiles
273 715 337 775 sint,
347 717 399 764 sive
411 714 490 765 iudai
501 713 599 765 Christo
607 713 748 764 credentem
773 718 818 770 dia
828 757 835 782 ‚
845 724 872 770 et
883 729 967 782 super
978 714 1063 767 mrael
1080 711 1139 766 Dei.

151 783 179 833 lrl
187 786 260 900 lenula}
271 795 358 835 omnes
371 787 425 834 reri
444 787 504 834 suut
520 784 654 845 israelitas,
666 786 692 833 et
708 796 751 846 po

151 864 228 915 pnus
258 854 299 913 ei„
1007 879 1013 883 -
1196 905 1202 916 ‚

182 918 217 970 De
228 924 318 971 cetero
329 932 418 981 nemo,
428 921 481 971 sive
490 919 687 982 judaizantium,
699 922 751 970 sire
807 918 852 968 ii.
869 917 909 967 De
927 917 1028 966 caetero
1045 922 1129 964 nemo
1142 904 1202 960 mlln

151 992 234 1051 quiris
248 988 329 1056 nlius,
349 990 380 1040 ob
399 991 620 1040 circumcisionem
642 993 667 1037 et
688 987 751 1038 alias
775 993 909 1046 molestus
923 990 976 1055 sit;

152 1058 265 1109 carnales
283 1060 459 1119 ceremonias,
475 1058 540 1107 mihi
561 1059 595 1106 sit
610 1056 749 1106 molestus:

149 1129 174 1193 si
194 1141 250 1190 quae
272 1129 341 1178 enlm
363 1132 424 1178 sunt
448 1129 476 1177 ln
498 1139 601 1191 corpore
621 1128 751 1177 cicatrices

154 1197 298 1259 polanam

183 1265 235 1328 ligo
256 1267 373 1327 stigmata
393 1264 494 1314 Domini
517 1263 625 1315 lesuin
648 1265 751 1326 corpore
774 1287 827 1338 ego?
850 1271 926 1324 enim
951 1268 1078 1334 stigmata
1103 1260 1202 1317 Domini

152 1343 210 1382 meo
223 1338 311 1395 porto,
322 1330 406 1395 plagas
424 1331 521 1381 scilicet
538 1336 564 1381 et
579 1333 708 1382 cicatrices
722 1343 752 1380 ex
774 1348 835 1396 pes„
849 1341 878 1393 in
891 1353 1008 1406 corpore
1018 1351 1083 1390 meo
1095 1340 1181 1402 porto.

153 1398 233 1462 plagis
246 1411 291 1462 pro
311 1399 411 1449 Christo
429 1401 572 1462 susceptis:
589 1401 666 1462 virgis
682 1402 751 1449 enirn

154 1479 232 1516 caesus
251 1480 325 1526 sum,
341 1466 466 1530 lapidatus
484 1481 557 1524 sum,
568 1471 617 1517 etc.
635 1469 752 1518 secundas

154 1533 187 1582 ad
199 1534 313 1585 Corinth.
333 1539 371 1586 11.
383 1538 430 1585 il:
443 1538 587 1586 circumcisi
609 1542 669 1587 sunt
679 1551 756 1600 pseu-

155 1601 305 1665 doapostoli,
316 1608 407 1654 sumet
417 1618 461 1667 ego
473 1625 480 1654 ι
494 1609 521 1655 at
533 1605 599 1666 quod
612 1605 691 1668 pluris
704 1619 753 1656 aes-

155 1673 232 1732 timo,
244 1677 363 1735 praterea
377 1673 429 1723 iero
440 1675 556 1734 stigmata
572 1672 672 1723 Domini
683 1672 754 1724 lesu.

187 1863 224 1911 16.
236 1860 268 1910 Et
283 1862 424 1924 quicunque
443 1860 536 1910 hooc...
550 1861 593 1910 Gr.
612 1864 637 1910 ct
649 1863 794 1924 quicunque
805 1859 889 1923 regule
899 1860 948 1911 hac
966 1856 1082 1908 ordinate
1100 1853 1202 1907 amuda-

155 1932 228 1980 rerit.
241 1930 296 1993 Syr.
309 1934 334 1980 et
347 1932 366 1979 ii
378 1933 422 1993 qul
437 1929 504 1982 hane
517 1932 635 1980 semitam
646 1935 790 1991 sectantur,
803 1934 851 1980 etc.
864 1929 924 1980 Vide
939 1926 1124 1991 paraphrasim.

186 2006 266 2055 lsrael
276 2007 338 2064 Dei,
351 2006 506 2068 spiritualis,
522 2004 619 2055 scilicet
630 2043 637 2066 ,
650 2010 687 2054 est
700 2007 743 2066 qui
760 2005 839 2057 credit
851 2003 963 2063 Christo,
975 2001 1027 2052 niro
1036 2001 1082 2052 Del
1093 2038 1100 2064 ,
1112 1997 1205 2051 anaia

156 2076 278 2137 promisso
289 2111 295 2130 ,
308 2079 333 2123 ct
343 2077 386 2136 qui
400 2073 450 2124 ilde
458 2076 584 2136 justitiam
598 2079 622 2123 et
636 2073 742 2123 salutem
754 2077 781 2123 ln
794 2076 848 2137 ipso
861 2075 959 2135 qrraerit.

189 2166 226 2211 1⁷.
242 2163 277 2210 Dc
295 2166 396 2219 cotem,
415 2175 486 2211 ccmo
502 2162 606 2212 mihi...
625 2162 668 2211 Gr.
683 2160 815 2221 caeterum,
834 2160 961 2210 molestias
977 2159 1043 2209 milri
1056 2170 1132 2215 nemo
1146 2155 1206 2208 erlrl·

157 2230 227 2289 beat,
240 2233 289 2278 etc.
302 2230 357 2290 Syr.
369 2230 475 2290 proinde
488 2243 563 2279 nemo
574 2231 637 2280 milri
649 2230 759 2279 laborem
770 2230 881 2290 injiciat,
894 2233 942 2278 etc.
1155 2288 1159 2293 ,

187 2297 244 2346 llaec
257 2297 334 2346 verba
347 2296 391 2344 alii
405 2296 477 2345 aliter
491 2299 629 2360 explicant,
643 2304 670 2347 ut
684 2299 762 2346 videri
773 2301 854 2359 potest
866 2297 933 2360 apud
943 2299 1104 2358 interpretes.

189 2364 237 2413 Sed
252 2376 340 2412 sensus
358 2366 384 2411 in
396 2365 542 2426 paraphrasi
555 2366 691 2426 explicatus
707 2366 772 2414 mihi
784 2367 883 2415 videtur
895 2378 987 2426 verus,
999 2366 1060 2426 quia
1073 2363 1176 2427 simplex
1188 2363 1207 2408 et

158 2431 296 2492 naturalis,
309 2435 334 2481 et
346 2434 523 2495 correspondet
535 2437 620 2483 versui
639 2437 676 2484 rt.
693 2435 758 2484 mihi
773 2441 857 2484 cutem
873 2435 970 2485 obsit...

188 2501 308 2550 Praeterea
324 2501 480 2562 judaizantes
501 2502 650 2563 confundit,
663 2506 706 2564 qui
720 2503 785 2552 nihil
801 2503 850 2552 tale
869 2505 935 2566 passl
947 2505 1008 2552 sunt
1017 2521 1025 2563 ;
1042 2501 1096 2552 imo
1114 2502 1172 2564 qui,
1185 2503 1207 2547 ut

158 2570 222 2620 nllril
238 2570 288 2620 tale
303 2583 349 2634 pro
370 2571 468 2621 Christo
484 2576 646 2634 paterentur,
661 2575 883 2623 circumcisionem
900 2572 1073 2635 predicabant
1092 2574 1121 2621 ut
1136 2584 1161 2620 n.
1177 2569 1207 2616 tt.

157 2639 206 2702 illis
221 2640 397 2702 exprobratum
413 2644 458 2689 est.

151 2747 153 2751 .
188 2709 220 2759 Ut
234 2709 326 2760 clarius
338 2713 457 2772 appareat
471 2709 518 2758 tihi
532 2721 604 2758 mens
616 2709 704 2770 Pauli,
716 2713 742 2758 et
754 2709 847 2759 horum
857 2709 995 2759 verborum
1011 2721 1117 2760 sensum
1130 2705 1209 2759 meliis

157 2778 296 2842 intelligas,

188 2849 309 2898 Dominus
325 2851 410 2897 noster
429 2847 501 2896 lesus
518 2847 633 2897 Christus
652 2847 679 2897 ln
693 2848 809 2908 passione
828 2860 873 2896 sua
893 2845 942 2895 fult
955 2846 1171 2897 universaliter-et
1187 2847 1209 2894 ln

159 2916 275 2965 omnihus
294 2917 404 2977 corporis
425 2914 538 2978 partibus
553 2918 626 2977 quasi
645 2917 827 2975 circumcisus;
849 2914 961 2976 undique
983 2928 1062 2964 suum
1083 2917 1210 2979 pretiosum

159 2988 306 3046 sanguinem
317 2983 382 3033 ludit
394 3003 400 3032 z

190 3061 209 3106 Α
222 3058 311 3118 planto
326 3057 487 3119 pedicasque
502 3057 538 3106 cd
552 3057 666 3106 verticem
677 3070 727 3106 noo
738 3057 787 3119 suit
799 3059 828 3107 io
838 3072 866 3107 eo
877 3059 985 3106 accitos.
997 3057 1045 3108 Per
1057 3062 1158 3123 spinas,
1173 3070 1209 3122 per

159 3126 241 3174 claros
251 3163 257 3186 ,
267 3139 311 3188 per
325 3126 435 3189 flagella,
446 3139 490 3188 per
503 3125 629 3186 lanceam,
646 3129 717 3187 quasi
734 3128 826 3189 ubique
841 3127 890 3177 fuit
904 3130 1082 3180 circumcisus.

190 3195 269 3256 Hujus
281 3198 419 3257 prasertim
433 3197 634 3245 circumcisionis
651 3208 678 3245 se
690 3199 837 3262 participem
854 3210 909 3248 esse
928 3197 1053 3261 gloriatur
1064 3199 1208 3266 Apostolus:

160 3265 214 3325 Epo
227 3264 291 3312 enim
304 3266 452 3326 sagmate...

190 3331 337 3382 Circumcisi
349 3337 409 3383 sunt
424 3335 484 3382 novi
495 3333 608 3383 doctores
620 3353 627 3383 ι
640 3346 697 3383 sum
711 3339 736 3383 et
748 3346 801 3396 ego.

190 3400 224 3449 Dc
237 3400 290 3450 haee
303 3413 348 3450 sua
360 3401 459 3462 judaica
471 3404 663 3451 circumcisione
674 3403 829 3464 gloriantur:
842 3408 868 3455 at
879 3417 933 3468 ego,
945 3406 1014 3469 quod
1024 3405 1106 3471 pluris
1115 3411 1209 3466 aestlnm

161 3470 187 3516 et
201 3468 233 3516 de
244 3480 294 3528 qno
308 3469 383 3518 unice
396 3468 500 3530 glorior,
512 3473 631 3530 praterea
646 3469 699 3519 iero
714 3474 846 3534 stigmata,
860 3477 909 3522 ctc.

190 3536 355 3587 Communico
375 3539 497 3599 passionis
517 3537 585 3587 illius
600 3539 746 3589 doloribus:
760 3547 797 3591 ter
812 3543 892 3604 virgas
909 3554 1017 3593 cerus...
1030 3542 1125 3595 harum
1134 3544 1210 3609 plaga·

161 3621 218 3657 rum
232 3610 361 3657 cicatrices
375 3612 400 3656 et
412 3612 483 3656 notas
498 3610 525 3656 in
538 3620 640 3669 corpore
653 3620 710 3658 meo
722 3614 794 3673 porto
807 3608 949 3674 impressas.

160 3674 379 3793 Ch1⁴';21{rr'lllecpul,
394 3676 460 3724 sicut
472 3676 621 3738 Apostolus,
634 3677 709 3726 unice
726 3678 847 3739 gloriatur
860 3683 887 3729 in
902 3693 977 3732 cruce
988 3683 1014 3731 et
1032 3682 1060 3731 ln
1080 3683 1208 3733 imitatione

198 3758 210 3793 r
220 3757 232 3793 s
243 3758 267 3792 1.

190 3812 258 3862 Felix
270 3813 314 3873 qui
327 3810 418 3861 Christi
435 3813 551 3872 stigmata
566 3810 614 3862 lert
626 3813 654 3861 in
672 3826 775 3877 corpore
788 3820 847 3866 suo!

191 3881 266 3942 Dec,
280 3883 302 3931 si
321 3892 373 3929 non
388 3882 517 3941 sauguinis
529 3879 652 3929 allusione
661 3918 668 3941 ,
678 3881 766 3934 saltem
781 3887 864 3935 carnis
874 3884 1082 3947 mortltlcstlone,
1095 3887 1126 3937 ds
1135 3885 1204 3942 mlii,

165 3950 274 4000 DDeust
293 3957 343 4000 toto
360 3954 418 4000 ritae
434 3956 546 4012 tempore
561 3953 668 4012 portare.
1074 3980 1077 3985 -
