2512 4424
146 253 202 304 teu
316 251 502 306 SECUNDAE
520 254 722 308 EPISTOLAE
741 256 790 308 AD
808 255 1047 311 CORINTHIOS

146 345 183 394 sic
194 347 293 404 autem,
309 346 337 393 ut
355 350 474 408 appareat
491 345 558 407 qubd
570 349 602 397 sit
613 347 743 398 charitatis
765 351 999 416 benedictionem,
1010 363 1068 404 non
1075 355 1210 418 tanquam

146 412 260 474 donum,
274 425 325 462 non
337 417 449 464 avarities
464 416 598 466 tributum.
768 429 921 482 avaritiam,
1225 442 1227 449 ⁴

174 493 307 556 intelligite
327 494 395 556 quod
413 495 491 544 dice:
509 495 556 557 Qui
575 497 650 559 parci
668 500 745 548 seml—
802 507 829 558 6,
851 508 909 558 1100
932 490 1025 558 autem
1046 502 1112 555 dico
1130 516 1138 554 ε
1158 461 1211 564 eni

147 564 206 620 nat,
229 564 254 609 et
273 561 364 642 minus·
379 559 515 610 liberaliter
531 561 651 624 largitur,·
669 565 744 627 parci
767 581 849 646 pmp
863 579 999 643 seminat,
1012 578 1097 645 paren
1108 582 1136 630 et
1149 591 1211 630 mee

146 631 241 688 metet,
266 640 311 678 seu
327 640 445 690 exiguum
465 628 555 678 reseret
570 629 701 682 fructum:
720 637 745 680 et
768 661 806 709 let
822 661 868 709 :et
883 656 932 722 qui
944 655 1062 708 seminat
1076 654 1106 706 in
1121 653 1211 707 bene.

147 698 745 827 nuuinternuntium
767 731 1212 864 gpgpgpeeeec

175 887 351 949 Unusquisque
367 889 455 935 tamen
475 886 552 935 donet
567 889 639 946 iuxta
653 886 745 937 volun·
802 891 829 939 t.
841 887 1038 954 Unusquisque
1048 891 1134 953 prout
1147 885 1211 939 des·

147 961 225 1007 tatem
244 968 333 1017 etiaim
345 958 373 1005 at
385 956 428 1006 det
442 955 571 1017 hilariter,
585 968 638 1005 non
650 959 744 1017 trisi183
768 963 864 1016 iinavit
883 963 913 1015 in
930 963 1016 1015 corde
1027 975 1097 1026 suo,
1108 974 1166 1015 non
1178 974 1211 1014 ex

107 1172 113 1184 r
175 1136 231 1187 lion
240 1141 362 1198 tunquam
375 1136 528 1194 ovantium,
540 1137 635 1187 nonsit
647 1137 760 1187 avaritie
769 1135 913 1196 tributum,
924 1131 1209 1198 tardi,invitel,parcb,

147 1211 171 1256 et
184 1219 244 1256 cum
253 1206 337 1255 verbis
349 1204 415 1254 male
431 1206 604 1256 eminentibus
621 1206 718 1255 datum.
1111 1256 1114 1263 ,

175 1275 276 1325 'lrausit
293 1272 425 1337 Apostolus
437 1273 469 1322 ad
485 1275 669 1325 abundantiam
689 1279 714 1325 ct
724 1275 898 1335 alacritatem
909 1275 935 1323 et
947 1271 996 1322 hut
1010 1270 1169 1321 conditiones
1181 1280 1209 1322 ex

146 1347 201 1407 ipso
214 1345 319 1393 nomine
331 1352 412 1404 graeco
427 1341 529 1393 deducit
543 1345 593 1393 :sit
602 1343 633 1392 de
646 1342 728 1405 iacto,
740 1345 840 1400 cilonia.

73 1429 74 1434 ¹
176 1413 309 1463 lierivutur
320 1414 353 1464 eb
364 1415 405 1476 ui,
415 1415 441 1465 id
452 1415 502 1472 est,
516 1409 590 1470 beni,
601 1415 627 1461 et
637 1411 704 1471 ine,
722 1411 749 1463 id
765 1414 819 1471 est,
835 1411 909 1468 dico,
922 1407 964 1460 vel
977 1407 1079 1472 mllipc.
1093 1407 1208 1468 liburia,

147 1494 205 1542 ergo
221 1482 345 1543 signifieat
355 1490 380 1535 et
391 1482 608 1542 benedictionem,
620 1485 645 1530 et
655 1482 748 1532 bonnm
760 1479 943 1531 collectionem.
1065 1485 1073 1497 ·
1112 1544 1115 1549 Ι

176 1549 215 1597 sit
225 1550 311 1600 revera
321 1551 479 1613 benedicum
495 1549 600 1610 reione,
611 1550 794 1600 benedictionis
811 1560 906 1597 nomen
923 1547 1112 1608 mereatnr3sit
1126 1546 1208 1608 bona,

148 1616 210 1666 uber
221 1617 335 1682 collatio,
347 1623 477 1682 celeriter,
489 1620 626 1682 spontanee
636 1656 644 1681 ,
656 1624 682 1670 et
691 1619 806 1670 bilarlter
819 1617 887 1668 datu.

176 1686 254 1736 Docet
274 1690 379 1741 modum
397 1691 583 1752 eleemesynam
611 1688 737 1749 iaciendi;
763 1687 860 1738 scilicet
881 1688 969 1736 anime
986 1689 1013 1736 ct
1037 1685 1112 1736 vultu
1137 1685 1208 1746 leto,

147 1769 207 1806 cum
226 1759 310 1809 verbis
330 1764 462 1823 gratiosis,
473 1761 545 1822 quasi
557 1760 602 1821 qul
616 1758 718 1809 lucrum
743 1759 824 1808 iacit:
840 1760 866 1807 et
877 1761 940 1807 tuuc
957 1759 995 1806 est
1011 1756 1175 1818 benedictio,
1185 1761 1207 1807 ct

147 1837 223 1876 cansa
231 1827 414 1881 benedictionis
425 1834 524 1880 eternae
537 1828 611 1879 alien
620 1831 646 1877 et
656 1829 688 1877 ab
701 1827 856 1877 hominibus.

176 1893 223 1954 Qui
235 1901 321 1947 autem
334 1899 519 1961 eleemosynam
530 1898 626 1957 tristis,
644 1898 741 1947 inaltus
751 1895 795 1945 dat
805 1930 813 1956 ,
824 1895 868 1945 bic
881 1894 1014 1944 avaritiam
1025 1891 1069 1942 dat
1079 1929 1087 1954 ,
1098 1906 1152 1945 uon
1168 1893 1208 1944 be-

146 1963 333 2029 nedictionem,
349 1971 386 2019 nit
402 1969 429 2019 S.
442 1968 569 2030 Chrysost.

177 2043 201 2089 6.
214 2041 266 2089 Hoc
276 2049 360 2092 uuum
381 2045 436 2093 dico
450 2063 460 2093 .-
476 2044 505 2091 tn
516 2041 560 2091 Gr.
575 2039 625 2090 hoc
635 2036 800 2102 autem(uun
811 2033 937 2100 enidius)
950 2034 1046 2099 explico
1058 2036 1128 2100 quod
1142 2036 1206 2098 diri,

147 2111 269 2168 tanquam
279 2109 466 2160 bendictionem
479 2114 501 2158 et
509 2122 560 2158 nou
572 2109 719 2159 ocentiam.
924 2105 927 2112 '

181 2181 232 2239 Qui
246 2183 324 2244 pauci
336 2185 457 2244 seminet,
468 2181 545 2246 parce
558 2189 581 2233 et
595 2188 695 2232 metet...

177 2247 343 2313 eleemosyna
356 2265 443 2307 semen
457 2256 510 2312 est,
522 2251 589 2312 quod
600 2251 627 2299 in
641 2262 720 2299 manu
739 2250 870 2312 pauperis,
880 2249 953 2311 quasi
966 2249 994 2300 iu
1008 2259 1071 2310 agro
1088 2246 1135 2298 Del
1147 2249 1205 2298 scri-

147 2319 206 2376 tur,
216 2323 240 2366 et
252 2321 324 2378 carius
335 2321 424 2370 messis
436 2322 463 2368 in
481 2321 540 2368 sinu
551 2320 595 2368 Dei
607 2318 740 2381 colligitur.

177 2383 248 2434 Sicut
260 2386 367 2446 agricola
384 2389 428 2448 qui
438 2387 515 2450 parci
525 2388 645 2444 sentinet,
656 2385 732 2449 perci
748 2390 771 2435 et
784 2389 873 2443 metet,
882 2385 918 2435 lta
933 2385 959 2432 et
973 2384 1018 2444 qui
1035 2395 1142 2446 parvam
1152 2382 1207 2433 iacit

147 2449 332 2514 eleemosynam
342 2491 349 2515 ,
361 2467 466 2517 parvam
482 2457 587 2517 recipiet
597 2455 612 2503 a
622 2451 671 2508 lieo
681 2453 833 2503 mercedem.
1180 2466 1187 2482 ¹

177 2520 289 2585 Intellige
301 2536 423 2587 parvam,
436 2527 463 2574 in
475 2526 663 2586 comparatione
674 2523 783 2581 mulium
793 2521 943 2571 seminantis
957 2540 964 2570 ε
976 2523 1023 2570 erit
1032 2524 1103 2572 enlm
1113 2533 1206 2587 semper

148 2603 240 2652 magna
255 2605 352 2643 merces
361 2595 389 2642 in
403 2596 588 2656 comparatione
601 2595 723 2654 seminis,
735 2605 779 2642 seu
791 2591 956 2651 eleemosynae
967 2589 1040 2646 datu,

178 2660 363 2725 Sicutagriccla
370 2665 532 2726 quimultrim
540 2668 566 2713 et
573 2663 671 2726 copiose
678 2660 918 2721 seminat,multdm
936 2659 1206 2722 etcopiosemetet,ita

181 2746 232 2804 Qui
245 2748 351 2798 seminat
361 2748 389 2796 in
403 2747 621 2797 benedictionibus.
636 2746 697 2796 Vide
708 2759 735 2795 u.
745 2747 760 2793 5
770 2781 777 2803 ,
789 2742 851 2805 quid
865 2739 1108 2803 significando-12¹2,
1126 2741 1205 2804 largi,

148 2813 260 2877 copIosi,
272 2817 299 2864 in
312 2816 484 2866 beneficentiis
493 2853 500 2877 ,
508 2815 584 2864 'valde
596 2814 706 2863 benefice
717 2814 822 2874 largitur
833 2812 993 2873 pauperibus.

178 2883 225 2945 Qui
236 2884 329 2934 multas
339 2886 540 2945 benedictiones,
551 2883 744 2943 beneficentias,
758 2883 847 2930 uberes
861 2879 1016 2941 collationes,
1063 2882 1101 2931 esi
1114 2880 1206 2932 semina

148 2953 255 3002 eilnndit
266 2957 293 3002 in
307 2966 429 3016 pauperes
438 2990 445 3014 ,
454 2953 575 3015 amplam,
587 2953 689 3001 uberem
701 2954 843 3013 ,copiosam
857 2949 1023 2998 mercedema
1056 2962 1085 3000 eo
1096 2951 1204 3012 recipiet

178 3021 243 3070 cum
254 3021 315 3071 iacis
332 3022 530 3083 eleemosynam,
547 3020 679 3070 recordere
693 3020 760 3081 qubd
773 3021 897 3078 seminas,
908 3021 934 3068 ct
948 3024 1132 3080 consequenter
1142 3016 1206 3080 quid

148 3089 206 3152 plus
220 3094 367 3151 recepturus
379 3102 405 3138 es
415 3090 507 3150 ,quam
516 3091 641 3150 seminas;
653 3090 695 3138 sed
707 3090 736 3138 ei
746 3091 920 3152 proportione,
932 3086 983 3149 qut
995 3086 1055 3150 plris
1065 3091 1111 3138 aut
1125 3086 1205 3139 minis

148 3157 263 3216 dederis,
280 3157 337 3218 plus
348 3162 392 3206 aut
406 3158 491 3206 mimis
507 3157 613 3206 libenter
629 3161 653 3206 et
669 3157 784 3207 hilariter
800 3156 907 3206 dederis.

179 3225 226 3276 Pro
239 3225 313 3273 modo
326 3224 465 3286 largitionis
478 3226 527 3276 erit
540 3228 565 3273 et
583 3225 673 3274 modus
689 3227 797 3288 praemii.

177 3293 226 3355 ,Qui
241 3293 283 3346 dat
295 3293 445 3353 liberaliter,
462 3294 540 3343 allec
557 3295 661 3356 recipiet
679 3294 829 3344 liberaliter..

178 3362 236 3411 llaec
246 3365 332 3411 tamen
343 3362 479 3411 liberalitas
490 3365 615 3411 exanimo
625 3400 632 3422 ,
642 3363 811 3425 potiusquam
823 3376 852 3413 ex
863 3362 929 3413 done
942 3362 1094 3426 estimatur,
1102 3366 1131 3412 ut
1141 3361 1203 3426 patet

149 3432 177 3479 in
188 3430 277 3489 vidua,
289 3441 345 3490 que
356 3430 406 3479 duc
419 3429 519 3483 tautum
531 3433 629 3480 minuta
643 3431 720 3480 dedit.

179 3499 208 3549 ln
220 3503 264 3548 tua
276 3511 333 3560 ergo
346 3499 492 3549 liberalitate
506 3503 553 3549 sita
567 3505 604 3550 est
617 3504 705 3551 messis
715 3502 884 3559 abundantia.

176 3567 203 3616 Si
214 3567 324 3616 multum
336 3568 426 3629 habes,
439 3569 470 3618 da
481 3569 608 3630 multum,
620 3572 641 3619 si
652 3571 742 3638 parum
756 3570 833 3619 habes
845 3607 851 3629 ‚
863 3569 895 3618 da
906 3569 1013 3618 libenter
1029 3573 1055 3619 et
1065 3567 1179 3631 gratiosi.
1208 3580 1217 3593 ⁴

179 3653 203 3699 7.
218 3650 389 3712 Unusquisque
400 3658 506 3714 prout...
517 3652 566 3701 hoe
575 3655 660 3704 tamen
674 3666 726 3704 non
738 3654 809 3714 dico,
826 3657 854 3701 ut
872 3665 1026 3716 quemquam
1040 3655 1150 3703 inritum
1162 3663 1200 3702 ec·

149 3733 206 3783 gam
219 3738 225 3768 ε
238 3721 331 3769 etenim
343 3733 394 3770 non
406 3725 458 3770 tam
472 3721 567 3770 donum
579 3724 664 3783 exigo,
681 3724 757 3783 quam
773 3725 898 3772 animum.

149 3794 351 3915 hignffuisqm
368 3794 444 3845 donet
456 3795 522 3858 quod
540 3794 664 3857 voluerit,
681 3798 746 3846 sicut
762 3798 790 3846 in
808 3796 883 3846 corde
897 3807 943 3846 suo
960 3795 1107 3860 proposuit,
1121 3798 1146 3846 et
1163 3793 1198 3844 det

202 3876 222 3911 n
236 3874 272 3911 er.
665 3886 668 3891 .

181 3931 290 3990 Tertiam
305 3927 442 3996 expressius
452 3933 562 3997 assignat
573 3929 735 3998 eleemosyna
749 3931 928 3990 uenditionem.
