<?xml version="1.0" encoding="UTF-8"?>
<!DOCTYPE html PUBLIC "-//W3C//DTD XHTML 1.0 Transitional//EN"
    "http://www.w3.org/TR/xhtml1/DTD/xhtml1-transitional.dtd">
<html xmlns="http://www.w3.org/1999/xhtml" xml:lang="en" lang="en">
 <head>
  <title>
</title>
<meta http-equiv="Content-Type" content="text/html;charset=utf-8" />
  <meta name='ocr-system' content='tesseract 3.04.00' />
  <meta name='ocr-capabilities' content='ocr_page ocr_carea ocr_par ocr_line ocrx_word'/>
</head>
<body>
  <div class='ocr_page' id='page_1' title='image "./epistolarumbpau01berngoog_0028.png"; bbox 0 0 2512 4424; ppageno 0'>
   <div class='ocr_carea' id='block_1_1' title="bbox 311 217 1122 281">
    <p class='ocr_par' dir='ltr' id='par_1_1' title="bbox 311 217 1122 281">
     <span class='ocr_line' id='line_1_1' title="bbox 311 217 1122 281; baseline -0.011 -3"><span class='ocrx_word' id='word_1_1' title='bbox 311 223 482 281; x_wconf 73' lang='lat' dir='ltr'><strong>narrauit</strong></span> <span class='ocrx_word' id='word_1_2' title='bbox 500 220 718 278; x_wconf 65' lang='lat' dir='ltr'><strong>Expostulo.</strong></span> <span class='ocrx_word' id='word_1_3' title='bbox 738 222 818 278; x_wconf 77' lang='lat' dir='ltr'><strong>cte.</strong></span> <span class='ocrx_word' id='word_1_4' title='bbox 837 222 876 276; x_wconf 87' lang='lat' dir='ltr'><strong>tt.</strong></span> <span class='ocrx_word' id='word_1_5' title='bbox 1087 217 1122 270; x_wconf 83' lang='lat' dir='ltr'><strong>ii</strong></span> 
     </span>
    </p>
   </div>
   <div class='ocr_carea' id='block_1_2' title="bbox 103 431 1106 465">
    <p class='ocr_par' dir='ltr' id='par_1_2' title="bbox 103 431 1106 465">
     <span class='ocr_line' id='line_1_2' title="bbox 103 431 1106 465; baseline -0.005 -2"><span class='ocrx_word' id='word_1_6' title='bbox 103 431 1106 465; x_wconf 58' lang='lat' dir='ltr'><strong>“Umssmmfflssmssssssssssssssssb</strong></span> 
     </span>
    </p>
   </div>
   <div class='ocr_carea' id='block_1_3' title="bbox 210 625 975 713">
    <p class='ocr_par' dir='ltr' id='par_1_3' title="bbox 210 625 975 713">
     <span class='ocr_line' id='line_1_3' title="bbox 210 625 975 713; baseline -0.007 0"><span class='ocrx_word' id='word_1_7' title='bbox 210 630 464 713; x_wconf 79' lang='lat' dir='ltr'><strong>tNALYsis</strong></span> <span class='ocrx_word' id='word_1_8' title='bbox 491 630 701 712; x_wconf 81' lang='lat' dir='ltr'><strong>GAPITIS</strong></span> <span class='ocrx_word' id='word_1_9' title='bbox 729 625 975 712; x_wconf 81' lang='lat' dir='ltr'><strong>SECUNDI.</strong></span> 
     </span>
    </p>
   </div>
   <div class='ocr_carea' id='block_1_4' title="bbox 46 984 1160 3177">
    <p class='ocr_par' dir='ltr' id='par_1_4' title="bbox 46 984 1124 1265">
     <span class='ocr_line' id='line_1_4' title="bbox 46 984 1124 1097; baseline 0.002 -19"><span class='ocrx_word' id='word_1_10' title='bbox 46 1058 48 1063; x_wconf 92' lang='lat'>-</span> <span class='ocrx_word' id='word_1_11' title='bbox 98 984 199 1085; x_wconf 79' lang='lat' dir='ltr'><strong>Parmos</strong></span> <span class='ocrx_word' id='word_1_12' title='bbox 209 1029 325 1097; x_wconf 84' lang='lat' dir='ltr'><strong>explicat</strong></span> <span class='ocrx_word' id='word_1_13' title='bbox 336 1027 443 1083; x_wconf 89' lang='lat' dir='ltr'><strong>itineris</strong></span> <span class='ocrx_word' id='word_1_14' title='bbox 462 1028 506 1083; x_wconf 88' lang='lat' dir='ltr'><strong>sui</strong></span> <span class='ocrx_word' id='word_1_15' title='bbox 523 1028 655 1084; x_wconf 87' lang='lat' dir='ltr'><strong>retardati</strong></span> <span class='ocrx_word' id='word_1_16' title='bbox 671 1041 784 1083; x_wconf 86' lang='lat' dir='ltr'><strong>eausam</strong></span> <span class='ocrx_word' id='word_1_17' title='bbox 800 1044 808 1082; x_wconf 80' lang='lat' dir='ltr'><strong>r</strong></span> <span class='ocrx_word' id='word_1_18' title='bbox 826 1027 890 1082; x_wconf 89' lang='lat' dir='ltr'><strong>ideo</strong></span> <span class='ocrx_word' id='word_1_19' title='bbox 908 1039 966 1080; x_wconf 90' lang='lat' dir='ltr'><strong>non</strong></span> <span class='ocrx_word' id='word_1_20' title='bbox 980 1027 1067 1093; x_wconf 78' lang='lat' dir='ltr'><strong>venit,</strong></span> <span class='ocrx_word' id='word_1_21' title='bbox 1087 1041 1124 1080; x_wconf 87' lang='lat' dir='ltr'><strong>ne</strong></span> 
     </span>
     <span class='ocr_line' id='line_1_5' title="bbox 46 1109 1121 1183; baseline -0.005 -16"><span class='ocrx_word' id='word_1_22' title='bbox 46 1154 48 1183; x_wconf 73' lang='grc'><strong>,</strong></span> <span class='ocrx_word' id='word_1_23' title='bbox 98 1125 169 1167; x_wconf 83' lang='lat' dir='ltr'><strong>urnis</strong></span> <span class='ocrx_word' id='word_1_24' title='bbox 181 1113 355 1168; x_wconf 84' lang='lat' dir='ltr'><strong>contristaret</strong></span> <span class='ocrx_word' id='word_1_25' title='bbox 377 1125 445 1178; x_wconf 91' lang='lat' dir='ltr'><strong>eos,</strong></span> <span class='ocrx_word' id='word_1_26' title='bbox 467 1118 496 1166; x_wconf 88' lang='lat' dir='ltr'><strong>et</strong></span> <span class='ocrx_word' id='word_1_27' title='bbox 516 1125 553 1166; x_wconf 89' lang='lat' dir='ltr'><strong>nc</strong></span> <span class='ocrx_word' id='word_1_28' title='bbox 570 1111 674 1180; x_wconf 87' lang='lat' dir='ltr'><strong>pariter</strong></span> <span class='ocrx_word' id='word_1_29' title='bbox 695 1110 775 1179; x_wconf 87' lang='lat' dir='ltr'><strong>ipse,</strong></span> <span class='ocrx_word' id='word_1_30' title='bbox 792 1111 829 1165; x_wconf 89' lang='lat' dir='ltr'><strong>ob</strong></span> <span class='ocrx_word' id='word_1_31' title='bbox 852 1124 950 1165; x_wconf 90' lang='lat' dir='ltr'><strong>eorum</strong></span> <span class='ocrx_word' id='word_1_32' title='bbox 965 1109 1121 1173; x_wconf 87' lang='lat' dir='ltr'><strong>tristitiam,</strong></span> 
     </span>
     <span class='ocr_line' id='line_1_6' title="bbox 97 1194 365 1265; baseline -0.007 -14"><span class='ocrx_word' id='word_1_33' title='bbox 97 1194 239 1262; x_wconf 73' lang='lat' dir='ltr'><strong>murem,</strong></span> <span class='ocrx_word' id='word_1_34' title='bbox 252 1196 281 1265; x_wconf 67' lang='lat' dir='ltr'><strong>i.</strong></span> <span class='ocrx_word' id='word_1_35' title='bbox 295 1197 365 1262; x_wconf 73' lang='grc'><strong>1,1.</strong></span> 
     </span>
    </p>

    <p class='ocr_par' dir='ltr' id='par_1_5' title="bbox 120 1276 955 1347">
     <span class='ocr_line' id='line_1_7' title="bbox 120 1276 955 1347; baseline -0.001 -16"><span class='ocrx_word' id='word_1_36' title='bbox 120 1279 169 1332; x_wconf 83' lang='lat' dir='ltr'><strong>Pari</strong></span> <span class='ocrx_word' id='word_1_37' title='bbox 185 1279 291 1334; x_wconf 87' lang='lat' dir='ltr'><strong>ratione</strong></span> <span class='ocrx_word' id='word_1_38' title='bbox 307 1284 421 1334; x_wconf 85' lang='lat' dir='ltr'><strong>excusat</strong></span> <span class='ocrx_word' id='word_1_39' title='bbox 438 1285 466 1334; x_wconf 89' lang='lat' dir='ltr'><strong>et</strong></span> <span class='ocrx_word' id='word_1_40' title='bbox 477 1279 579 1347; x_wconf 90' lang='lat' dir='ltr'><strong>prioris</strong></span> <span class='ocrx_word' id='word_1_41' title='bbox 593 1278 722 1346; x_wconf 68' lang='lat' dir='ltr'><strong>Epistola</strong></span> <span class='ocrx_word' id='word_1_42' title='bbox 740 1276 874 1343; x_wconf 85' lang='lat' dir='ltr'><strong>drrritias,</strong></span> <span class='ocrx_word' id='word_1_43' title='bbox 892 1276 918 1346; x_wconf 68' lang='lat' dir='ltr'><strong>i.</strong></span> <span class='ocrx_word' id='word_1_44' title='bbox 928 1280 955 1331; x_wconf 72' lang='lat'><strong>3.</strong></span> 
     </span>
    </p>

    <p class='ocr_par' dir='ltr' id='par_1_6' title="bbox 95 1359 1126 1681">
     <span class='ocr_line' id='line_1_8' title="bbox 120 1359 1125 1430; baseline -0.006 -14"><span class='ocrx_word' id='word_1_45' title='bbox 120 1362 207 1430; x_wconf 82' lang='lat' dir='ltr'><strong>usqne</strong></span> <span class='ocrx_word' id='word_1_46' title='bbox 223 1363 367 1429; x_wconf 82' lang='lat' dir='ltr'><strong>versibus,</strong></span> <span class='ocrx_word' id='word_1_47' title='bbox 384 1362 454 1416; x_wconf 79' lang='lat' dir='ltr'><strong>mira</strong></span> <span class='ocrx_word' id='word_1_48' title='bbox 472 1362 613 1416; x_wconf 86' lang='lat' dir='ltr'><strong>charitatis</strong></span> <span class='ocrx_word' id='word_1_49' title='bbox 629 1366 705 1425; x_wconf 89' lang='lat' dir='ltr'><strong>arte,</strong></span> <span class='ocrx_word' id='word_1_50' title='bbox 729 1360 851 1415; x_wconf 87' lang='lat' dir='ltr'><strong>insinuat</strong></span> <span class='ocrx_word' id='word_1_51' title='bbox 862 1359 939 1428; x_wconf 77' lang='lat' dir='ltr'><strong>quod</strong></span> <span class='ocrx_word' id='word_1_52' title='bbox 951 1364 978 1413; x_wconf 90' lang='lat' dir='ltr'><strong>et</strong></span> <span class='ocrx_word' id='word_1_53' title='bbox 1001 1359 1054 1427; x_wconf 88' lang='lat' dir='ltr'><strong>ipsi</strong></span> <span class='ocrx_word' id='word_1_54' title='bbox 1070 1359 1125 1411; x_wconf 87' lang='lat' dir='ltr'><strong>sint</strong></span> 
     </span>
     <span class='ocr_line' id='line_1_9' title="bbox 97 1443 1125 1515; baseline -0.001 -16"><span class='ocrx_word' id='word_1_55' title='bbox 97 1443 139 1511; x_wconf 77' lang='lat' dir='ltr'><strong>eins</strong></span> <span class='ocrx_word' id='word_1_56' title='bbox 151 1446 294 1515; x_wconf 73' lang='lat' dir='ltr'><strong>gaudium,</strong></span> <span class='ocrx_word' id='word_1_57' title='bbox 312 1452 340 1501; x_wconf 90' lang='lat' dir='ltr'><strong>et</strong></span> <span class='ocrx_word' id='word_1_58' title='bbox 361 1446 439 1515; x_wconf 76' lang='lat' dir='ltr'><strong>quid</strong></span> <span class='ocrx_word' id='word_1_59' title='bbox 457 1459 554 1500; x_wconf 90' lang='lat' dir='ltr'><strong>eorum</strong></span> <span class='ocrx_word' id='word_1_60' title='bbox 570 1443 680 1499; x_wconf 73' lang='lat' dir='ltr'><strong>tristitia</strong></span> <span class='ocrx_word' id='word_1_61' title='bbox 700 1444 736 1498; x_wconf 90' lang='lat' dir='ltr'><strong>sit</strong></span> <span class='ocrx_word' id='word_1_62' title='bbox 746 1449 775 1499; x_wconf 89' lang='lat' dir='ltr'><strong>ot</strong></span> <span class='ocrx_word' id='word_1_63' title='bbox 795 1458 845 1498; x_wconf 86' lang='lat' dir='ltr'><strong>sua</strong></span> <span class='ocrx_word' id='word_1_64' title='bbox 857 1461 865 1510; x_wconf 89' lang='lat'>;</span> <span class='ocrx_word' id='word_1_65' title='bbox 879 1451 1046 1513; x_wconf 88' lang='lat' dir='ltr'><strong>utmmque‚</strong></span> <span class='ocrx_word' id='word_1_66' title='bbox 1063 1445 1125 1498; x_wconf 85' lang='lat' dir='ltr'><strong>vice</strong></span> 
     </span>
     <span class='ocr_line' id='line_1_10' title="bbox 95 1527 1126 1598; baseline -0.004 -15"><span class='ocrx_word' id='word_1_67' title='bbox 95 1529 167 1594; x_wconf 80' lang='lat' dir='ltr'><strong>rust,</strong></span> <span class='ocrx_word' id='word_1_68' title='bbox 178 1529 381 1585; x_wconf 73' lang='lat' dir='ltr'><strong>corinthiorum</strong></span> <span class='ocrx_word' id='word_1_69' title='bbox 399 1529 531 1598; x_wconf 74' lang='lat' dir='ltr'><strong>gaudium</strong></span> <span class='ocrx_word' id='word_1_70' title='bbox 543 1532 586 1581; x_wconf 91' lang='lat' dir='ltr'><strong>est</strong></span> <span class='ocrx_word' id='word_1_71' title='bbox 604 1527 688 1581; x_wconf 57' lang='lat' dir='ltr'><strong>mam</strong></span> <span class='ocrx_word' id='word_1_72' title='bbox 700 1527 796 1595; x_wconf 80' lang='lat' dir='ltr'><strong>Pauli3</strong></span> <span class='ocrx_word' id='word_1_73' title='bbox 808 1535 836 1582; x_wconf 89' lang='lat' dir='ltr'><strong>ot</strong></span> <span class='ocrx_word' id='word_1_74' title='bbox 853 1527 930 1582; x_wconf 85' lang='lat' dir='ltr'><strong>Pauli</strong></span> <span class='ocrx_word' id='word_1_75' title='bbox 940 1528 1072 1596; x_wconf 77' lang='lat' dir='ltr'><strong>gaudium</strong></span> <span class='ocrx_word' id='word_1_76' title='bbox 1084 1533 1126 1582; x_wconf 90' lang='lat' dir='ltr'><strong>est</strong></span> 
     </span>
     <span class='ocr_line' id='line_1_11' title="bbox 95 1609 597 1681; baseline 0.006 -18"><span class='ocrx_word' id='word_1_77' title='bbox 95 1615 115 1663; x_wconf 89' lang='lat' dir='ltr'><strong>et</strong></span> <span class='ocrx_word' id='word_1_78' title='bbox 127 1611 338 1679; x_wconf 70' lang='lat' dir='ltr'><strong>corinthionrmg</strong></span> <span class='ocrx_word' id='word_1_79' title='bbox 350 1612 418 1666; x_wconf 86' lang='lat' dir='ltr'><strong>item</strong></span> <span class='ocrx_word' id='word_1_80' title='bbox 430 1612 470 1681; x_wconf 40' lang='lat' dir='ltr'><strong>de,</strong></span> <span class='ocrx_word' id='word_1_81' title='bbox 478 1609 597 1666; x_wconf 73' lang='lat' dir='ltr'><strong>tristitia.</strong></span> 
     </span>
    </p>

    <p class='ocr_par' dir='ltr' id='par_1_7' title="bbox 94 1691 1125 1846">
     <span class='ocr_line' id='line_1_12' title="bbox 120 1691 1125 1763; baseline -0.002 -14"><span class='ocrx_word' id='word_1_82' title='bbox 120 1693 140 1761; x_wconf 76' lang='lat' dir='ltr'><strong>i.</strong></span> <span class='ocrx_word' id='word_1_83' title='bbox 149 1697 174 1749; x_wconf 86' lang='lat' dir='ltr'><strong>t.</strong></span> <span class='ocrx_word' id='word_1_84' title='bbox 184 1694 315 1763; x_wconf 67' lang='lat' dir='ltr'><strong>Eiusdem</strong></span> <span class='ocrx_word' id='word_1_85' title='bbox 326 1694 428 1762; x_wconf 91' lang='lat' dir='ltr'><strong>prioris</strong></span> <span class='ocrx_word' id='word_1_86' title='bbox 437 1694 568 1762; x_wconf 70' lang='lat' dir='ltr'><strong>Epistola</strong></span> <span class='ocrx_word' id='word_1_87' title='bbox 581 1693 698 1749; x_wconf 80' lang='lat' dir='ltr'><strong>duritias</strong></span> <span class='ocrx_word' id='word_1_88' title='bbox 708 1699 838 1761; x_wconf 64' lang='lat' dir='ltr'><strong>mosset,</strong></span> <span class='ocrx_word' id='word_1_89' title='bbox 852 1691 890 1749; x_wconf 90' lang='lat' dir='ltr'><strong>ob</strong></span> <span class='ocrx_word' id='word_1_90' title='bbox 900 1693 1007 1748; x_wconf 85' lang='lat' dir='ltr'><strong>tristem</strong></span> <span class='ocrx_word' id='word_1_91' title='bbox 1023 1701 1125 1749; x_wconf 89' lang='lat' dir='ltr'><strong>statum</strong></span> 
     </span>
     <span class='ocr_line' id='line_1_13' title="bbox 94 1773 751 1846; baseline 0.008 -19"><span class='ocrx_word' id='word_1_92' title='bbox 94 1773 170 1846; x_wconf 77' lang='lat' dir='ltr'><strong>inum</strong></span> <span class='ocrx_word' id='word_1_93' title='bbox 181 1777 307 1846; x_wconf 77' lang='lat' dir='ltr'><strong>scripsit,</strong></span> <span class='ocrx_word' id='word_1_94' title='bbox 328 1784 356 1832; x_wconf 87' lang='lat' dir='ltr'><strong>st</strong></span> <span class='ocrx_word' id='word_1_95' title='bbox 367 1778 404 1832; x_wconf 88' lang='lat' dir='ltr'><strong>ob</strong></span> <span class='ocrx_word' id='word_1_96' title='bbox 423 1777 547 1831; x_wconf 89' lang='lat' dir='ltr'><strong>animum</strong></span> <span class='ocrx_word' id='word_1_97' title='bbox 559 1778 616 1846; x_wconf 85' lang='lat' dir='ltr'><strong>quo</strong></span> <span class='ocrx_word' id='word_1_98' title='bbox 631 1778 751 1846; x_wconf 85' lang='lat' dir='ltr'><strong>scripsit.</strong></span> 
     </span>
    </p>

    <p class='ocr_par' dir='ltr' id='par_1_8' title="bbox 94 1859 1125 2011">
     <span class='ocr_line' id='line_1_14' title="bbox 118 1859 1125 1933; baseline -0.003 -18"><span class='ocrx_word' id='word_1_99' title='bbox 118 1859 140 1926; x_wconf 78' lang='lat' dir='ltr'><strong>i.</strong></span> <span class='ocrx_word' id='word_1_100' title='bbox 155 1864 179 1915; x_wconf 79' lang='lat' dir='ltr'><strong>o.</strong></span> <span class='ocrx_word' id='word_1_101' title='bbox 198 1861 308 1915; x_wconf 83' lang='lat' dir='ltr'><strong>‘transit</strong></span> <span class='ocrx_word' id='word_1_102' title='bbox 320 1861 358 1915; x_wconf 88' lang='lat' dir='ltr'><strong>nd</strong></span> <span class='ocrx_word' id='word_1_103' title='bbox 375 1860 546 1933; x_wconf 78' lang='lat' dir='ltr'><strong>precipuum</strong></span> <span class='ocrx_word' id='word_1_104' title='bbox 562 1859 679 1914; x_wconf 80' lang='lat' dir='ltr'><strong>tristitiae</strong></span> <span class='ocrx_word' id='word_1_105' title='bbox 699 1866 861 1927; x_wconf 79' lang='lat' dir='ltr'><strong>auctorem,</strong></span> <span class='ocrx_word' id='word_1_106' title='bbox 878 1874 962 1929; x_wconf 87' lang='lat' dir='ltr'><strong>quem</strong></span> <span class='ocrx_word' id='word_1_107' title='bbox 977 1866 1068 1914; x_wconf 88' lang='lat' dir='ltr'><strong>tamen</strong></span> <span class='ocrx_word' id='word_1_108' title='bbox 1089 1862 1125 1913; x_wconf 88' lang='lat' dir='ltr'><strong>ob</strong></span> 
     </span>
     <span class='ocr_line' id='line_1_15' title="bbox 94 1942 751 2011; baseline 0.002 -16"><span class='ocrx_word' id='word_1_109' title='bbox 94 1943 259 2007; x_wconf 76' lang='lat' dir='ltr'><strong>penitentiam</strong></span> <span class='ocrx_word' id='word_1_110' title='bbox 271 1956 329 1997; x_wconf 91' lang='lat' dir='ltr'><strong>non</strong></span> <span class='ocrx_word' id='word_1_111' title='bbox 339 1943 483 2009; x_wconf 84' lang='lat' dir='ltr'><strong>nominat,</strong></span> <span class='ocrx_word' id='word_1_112' title='bbox 496 1957 549 1998; x_wconf 85' lang='lat' dir='ltr'><strong>nec</strong></span> <span class='ocrx_word' id='word_1_113' title='bbox 560 1942 621 2011; x_wconf 77' lang='lat' dir='ltr'><strong>ejus</strong></span> <span class='ocrx_word' id='word_1_114' title='bbox 635 1943 751 1997; x_wconf 86' lang='lat' dir='ltr'><strong>crimen.</strong></span> 
     </span>
    </p>

    <p class='ocr_par' dir='ltr' id='par_1_9' title="bbox 94 2025 1123 2189">
     <span class='ocr_line' id='line_1_16' title="bbox 118 2025 1123 2095; baseline -0.002 -15"><span class='ocrx_word' id='word_1_115' title='bbox 118 2025 140 2094; x_wconf 82' lang='lat' dir='ltr'><strong>i.</strong></span> <span class='ocrx_word' id='word_1_116' title='bbox 151 2028 203 2082; x_wconf 78' lang='lat' dir='ltr'><strong>ici</strong></span> <span class='ocrx_word' id='word_1_117' title='bbox 216 2030 244 2081; x_wconf 83' lang='lat'><strong>¹1.</strong></span> <span class='ocrx_word' id='word_1_118' title='bbox 262 2030 334 2081; x_wconf 80' lang='lat' dir='ltr'><strong>Eum</strong></span> <span class='ocrx_word' id='word_1_119' title='bbox 345 2027 404 2081; x_wconf 84' lang='lat' dir='ltr'><strong>vult</strong></span> <span class='ocrx_word' id='word_1_120' title='bbox 417 2026 539 2091; x_wconf 83' lang='lat' dir='ltr'><strong>absolvi,</strong></span> <span class='ocrx_word' id='word_1_121' title='bbox 555 2026 624 2080; x_wconf 90' lang='lat' dir='ltr'><strong>etin</strong></span> <span class='ocrx_word' id='word_1_122' title='bbox 643 2026 793 2094; x_wconf 86' lang='lat' dir='ltr'><strong>pristinum</strong></span> <span class='ocrx_word' id='word_1_123' title='bbox 804 2031 908 2080; x_wconf 81' lang='lat' dir='ltr'><strong>statum</strong></span> <span class='ocrx_word' id='word_1_124' title='bbox 919 2026 1044 2091; x_wconf 89' lang='lat' dir='ltr'><strong>restitui;</strong></span> <span class='ocrx_word' id='word_1_125' title='bbox 1056 2027 1083 2095; x_wconf 70' lang='lat' dir='ltr'><strong>i.</strong></span> <span class='ocrx_word' id='word_1_126' title='bbox 1095 2029 1123 2089; x_wconf 89' lang='lat'><strong>8,</strong></span> 
     </span>
     <span class='ocr_line' id='line_1_17' title="bbox 94 2105 793 2189; baseline 0.009 -31"><span class='ocrx_word' id='word_1_127' title='bbox 94 2105 116 2160; x_wconf 93' lang='lat' dir='ltr'><strong>id</strong></span> <span class='ocrx_word' id='word_1_128' title='bbox 126 2114 195 2178; x_wconf 76' lang='lat' dir='ltr'><strong>rogat</strong></span> <span class='ocrx_word' id='word_1_129' title='bbox 210 2115 241 2165; x_wconf 92' lang='lat' dir='ltr'><strong>ut</strong></span> <span class='ocrx_word' id='word_1_130' title='bbox 254 2115 406 2178; x_wconf 85' lang='lat' dir='ltr'><strong>patronus,</strong></span> <span class='ocrx_word' id='word_1_131' title='bbox 418 2110 446 2179; x_wconf 66' lang='lat' dir='ltr'><strong>i.</strong></span> <span class='ocrx_word' id='word_1_132' title='bbox 456 2112 483 2175; x_wconf 85' lang='grc'><strong>9,</strong></span> <span class='ocrx_word' id='word_1_133' title='bbox 493 2108 575 2189; x_wconf 63' lang='lat' dir='ltr'><strong>iuuet</strong></span> <span class='ocrx_word' id='word_1_134' title='bbox 585 2114 616 2163; x_wconf 92' lang='lat' dir='ltr'><strong>ut</strong></span> <span class='ocrx_word' id='word_1_135' title='bbox 636 2110 793 2179; x_wconf 75' lang='lat' dir='ltr'><strong>Apostolus.</strong></span> 
     </span>
    </p>

    <p class='ocr_par' dir='ltr' id='par_1_10' title="bbox 94 2190 1126 2343">
     <span class='ocr_line' id='line_1_18' title="bbox 119 2190 1126 2263; baseline -0.003 -15"><span class='ocrx_word' id='word_1_136' title='bbox 119 2190 143 2261; x_wconf 75' lang='lat' dir='ltr'><strong>i.</strong></span> <span class='ocrx_word' id='word_1_137' title='bbox 155 2197 196 2248; x_wconf 87' lang='grc'><strong>10.</strong></span> <span class='ocrx_word' id='word_1_138' title='bbox 206 2195 285 2249; x_wconf 82' lang='lat' dir='ltr'><strong>Prior</strong></span> <span class='ocrx_word' id='word_1_139' title='bbox 299 2194 360 2262; x_wconf 88' lang='lat' dir='ltr'><strong>ipse</strong></span> <span class='ocrx_word' id='word_1_140' title='bbox 372 2194 513 2249; x_wconf 88' lang='lat' dir='ltr'><strong>condonat</strong></span> <span class='ocrx_word' id='word_1_141' title='bbox 523 2199 639 2261; x_wconf 91' lang='lat' dir='ltr'><strong>propter</strong></span> <span class='ocrx_word' id='word_1_142' title='bbox 649 2206 699 2247; x_wconf 86' lang='lat' dir='ltr'><strong>cos</strong></span> <span class='ocrx_word' id='word_1_143' title='bbox 712 2210 720 2249; x_wconf 82' lang='lat' dir='ltr'><strong>r</strong></span> <span class='ocrx_word' id='word_1_144' title='bbox 737 2198 768 2247; x_wconf 88' lang='lat' dir='ltr'><strong>ut</strong></span> <span class='ocrx_word' id='word_1_145' title='bbox 787 2193 909 2249; x_wconf 74' lang='lat' dir='ltr'><strong>lenitatis</strong></span> <span class='ocrx_word' id='word_1_146' title='bbox 919 2194 967 2248; x_wconf 90' lang='lat' dir='ltr'><strong>det</strong></span> <span class='ocrx_word' id='word_1_147' title='bbox 978 2194 1019 2263; x_wconf 80' lang='lat' dir='ltr'><strong>cis</strong></span> <span class='ocrx_word' id='word_1_148' title='bbox 1031 2206 1126 2246; x_wconf 84' lang='lat' dir='ltr'><strong>exem-</strong></span> 
     </span>
     <span class='ocr_line' id='line_1_19' title="bbox 94 2272 993 2343; baseline 0.002 -15"><span class='ocrx_word' id='word_1_149' title='bbox 94 2272 165 2343; x_wconf 85' lang='lat' dir='ltr'><strong>piou,</strong></span> <span class='ocrx_word' id='word_1_150' title='bbox 175 2291 210 2332; x_wconf 91' lang='lat' dir='ltr'><strong>ne</strong></span> <span class='ocrx_word' id='word_1_151' title='bbox 228 2277 479 2332; x_wconf 80' lang='lat' dir='ltr'><strong>circumveniamur</strong></span> <span class='ocrx_word' id='word_1_152' title='bbox 489 2277 506 2331; x_wconf 80' lang='lat' dir='ltr'><strong>a</strong></span> <span class='ocrx_word' id='word_1_153' title='bbox 517 2279 619 2332; x_wconf 83' lang='lat' dir='ltr'><strong>satana</strong></span> <span class='ocrx_word' id='word_1_154' title='bbox 633 2277 670 2331; x_wconf 91' lang='lat' dir='ltr'><strong>ob</strong></span> <span class='ocrx_word' id='word_1_155' title='bbox 680 2276 795 2331; x_wconf 88' lang='lat' dir='ltr'><strong>nimiam</strong></span> <span class='ocrx_word' id='word_1_156' title='bbox 807 2277 993 2332; x_wconf 79' lang='lat' dir='ltr'><strong>severitatem.</strong></span> 
     </span>
    </p>

    <p class='ocr_par' dir='ltr' id='par_1_11' title="bbox 95 2357 1128 2594">
     <span class='ocr_line' id='line_1_20' title="bbox 121 2357 1127 2430; baseline 0 -17"><span class='ocrx_word' id='word_1_157' title='bbox 121 2357 143 2424; x_wconf 75' lang='lat' dir='ltr'><strong>i.</strong></span> <span class='ocrx_word' id='word_1_158' title='bbox 169 2361 364 2415; x_wconf 72' lang='lat' dir='ltr'><strong>tancmari</strong></span> <span class='ocrx_word' id='word_1_159' title='bbox 384 2373 442 2416; x_wconf 87' lang='lat' dir='ltr'><strong>suae</strong></span> <span class='ocrx_word' id='word_1_160' title='bbox 467 2359 698 2430; x_wconf 80' lang='lat' dir='ltr'><strong>peregrinationis</strong></span> <span class='ocrx_word' id='word_1_161' title='bbox 717 2360 818 2423; x_wconf 82' lang='lat' dir='ltr'><strong>seriem</strong></span> <span class='ocrx_word' id='word_1_162' title='bbox 829 2377 838 2427; x_wconf 90' lang='lat'>;</span> <span class='ocrx_word' id='word_1_163' title='bbox 861 2361 970 2429; x_wconf 81' lang='lat' dir='ltr'><strong>Epheso</strong></span> <span class='ocrx_word' id='word_1_164' title='bbox 991 2359 1127 2414; x_wconf 79' lang='lat' dir='ltr'><strong>Troadem</strong></span> 
     </span>
     <span class='ocr_line' id='line_1_21' title="bbox 95 2436 1128 2512; baseline 0.008 -24"><span class='ocrx_word' id='word_1_165' title='bbox 95 2436 204 2497; x_wconf 83' lang='lat' dir='ltr'><strong>iritrsed</strong></span> <span class='ocrx_word' id='word_1_166' title='bbox 218 2443 258 2498; x_wconf 88' lang='lat' dir='ltr'><strong>ihi</strong></span> <span class='ocrx_word' id='word_1_167' title='bbox 280 2457 338 2497; x_wconf 90' lang='lat' dir='ltr'><strong>non</strong></span> <span class='ocrx_word' id='word_1_168' title='bbox 356 2449 467 2511; x_wconf 89' lang='lat' dir='ltr'><strong>reperto</strong></span> <span class='ocrx_word' id='word_1_169' title='bbox 482 2444 562 2509; x_wconf 86' lang='lat' dir='ltr'><strong>Tito,</strong></span> <span class='ocrx_word' id='word_1_170' title='bbox 577 2441 718 2512; x_wconf 86' lang='lat' dir='ltr'><strong>proiectus</strong></span> <span class='ocrx_word' id='word_1_171' title='bbox 736 2448 779 2498; x_wconf 88' lang='lat' dir='ltr'><strong>cst</strong></span> <span class='ocrx_word' id='word_1_172' title='bbox 803 2443 833 2497; x_wconf 92' lang='lat' dir='ltr'><strong>in</strong></span> <span class='ocrx_word' id='word_1_173' title='bbox 851 2443 1059 2506; x_wconf 69' lang='lat' dir='ltr'><strong>Macedoniam,</strong></span> <span class='ocrx_word' id='word_1_174' title='bbox 1078 2458 1128 2497; x_wconf 85' lang='lat' dir='ltr'><strong>cx-</strong></span> 
     </span>
     <span class='ocr_line' id='line_1_22' title="bbox 95 2526 1126 2594; baseline 0.001 -15"><span class='ocrx_word' id='word_1_175' title='bbox 95 2528 244 2587; x_wconf 76' lang='lat' dir='ltr'><strong>speciaturus</strong></span> <span class='ocrx_word' id='word_1_176' title='bbox 253 2526 354 2591; x_wconf 82' lang='lat' dir='ltr'><strong>Titum,</strong></span> <span class='ocrx_word' id='word_1_177' title='bbox 364 2527 447 2594; x_wconf 77' lang='lat' dir='ltr'><strong>aquo</strong></span> <span class='ocrx_word' id='word_1_178' title='bbox 459 2527 589 2581; x_wconf 74' lang='lat' dir='ltr'><strong>Ecclesiae</strong></span> <span class='ocrx_word' id='word_1_179' title='bbox 598 2528 747 2582; x_wconf 81' lang='lat' dir='ltr'><strong>corinthia</strong></span> <span class='ocrx_word' id='word_1_180' title='bbox 755 2533 857 2583; x_wconf 89' lang='lat' dir='ltr'><strong>statum</strong></span> <span class='ocrx_word' id='word_1_181' title='bbox 870 2526 952 2581; x_wconf 80' lang='lat' dir='ltr'><strong>citius</strong></span> <span class='ocrx_word' id='word_1_182' title='bbox 962 2528 1126 2581; x_wconf 84' lang='lat' dir='ltr'><strong>addisceret.</strong></span> 
     </span>
    </p>

    <p class='ocr_par' dir='ltr' id='par_1_12' title="bbox 95 2605 1160 2844">
     <span class='ocr_line' id='line_1_23' title="bbox 122 2605 1128 2679; baseline 0.001 -18"><span class='ocrx_word' id='word_1_183' title='bbox 122 2605 144 2672; x_wconf 70' lang='lat' dir='ltr'><strong>i.</strong></span> <span class='ocrx_word' id='word_1_184' title='bbox 155 2611 194 2663; x_wconf 88' lang='lat' dir='ltr'><strong>tt.</strong></span> <span class='ocrx_word' id='word_1_185' title='bbox 204 2608 246 2662; x_wconf 88' lang='lat' dir='ltr'><strong>ibi</strong></span> <span class='ocrx_word' id='word_1_186' title='bbox 261 2611 347 2663; x_wconf 90' lang='lat' dir='ltr'><strong>multa</strong></span> <span class='ocrx_word' id='word_1_187' title='bbox 358 2611 429 2665; x_wconf 89' lang='lat' dir='ltr'><strong>maia</strong></span> <span class='ocrx_word' id='word_1_188' title='bbox 440 2624 555 2678; x_wconf 85' lang='lat' dir='ltr'><strong>passus,</strong></span> <span class='ocrx_word' id='word_1_189' title='bbox 568 2612 618 2666; x_wconf 90' lang='lat' dir='ltr'><strong>sed</strong></span> <span class='ocrx_word' id='word_1_190' title='bbox 630 2614 687 2665; x_wconf 86' lang='lat' dir='ltr'><strong>Deo</strong></span> <span class='ocrx_word' id='word_1_191' title='bbox 699 2611 800 2679; x_wconf 79' lang='lat' dir='ltr'><strong>gratias</strong></span> <span class='ocrx_word' id='word_1_192' title='bbox 810 2611 882 2679; x_wconf 77' lang='lat' dir='ltr'><strong>agit,</strong></span> <span class='ocrx_word' id='word_1_193' title='bbox 897 2611 962 2677; x_wconf 90' lang='lat' dir='ltr'><strong>quia</strong></span> <span class='ocrx_word' id='word_1_194' title='bbox 973 2623 1023 2676; x_wconf 88' lang='lat' dir='ltr'><strong>per</strong></span> <span class='ocrx_word' id='word_1_195' title='bbox 1035 2611 1128 2664; x_wconf 85' lang='lat' dir='ltr'><strong>Chris-</strong></span> 
     </span>
     <span class='ocr_line' id='line_1_24' title="bbox 96 2689 1160 2761; baseline 0.005 -20"><span class='ocrx_word' id='word_1_196' title='bbox 96 2691 142 2741; x_wconf 88' lang='lat' dir='ltr'><strong>tum</strong></span> <span class='ocrx_word' id='word_1_197' title='bbox 150 2689 207 2746; x_wconf 88' lang='lat' dir='ltr'><strong>iacit</strong></span> <span class='ocrx_word' id='word_1_198' title='bbox 224 2706 289 2747; x_wconf 88' lang='lat' dir='ltr'><strong>aum</strong></span> <span class='ocrx_word' id='word_1_199' title='bbox 302 2693 330 2746; x_wconf 91' lang='lat' dir='ltr'><strong>in</strong></span> <span class='ocrx_word' id='word_1_200' title='bbox 348 2694 589 2761; x_wconf 85' lang='lat' dir='ltr'><strong>persecutionibus</strong></span> <span class='ocrx_word' id='word_1_201' title='bbox 599 2694 731 2747; x_wconf 84' lang='lat' dir='ltr'><strong>rictorem</strong></span> <span class='ocrx_word' id='word_1_202' title='bbox 746 2710 753 2747; x_wconf 76' lang='grc' dir='ltr'><strong>ε</strong></span> <span class='ocrx_word' id='word_1_203' title='bbox 770 2699 797 2746; x_wconf 91' lang='lat' dir='ltr'><strong>et</strong></span> <span class='ocrx_word' id='word_1_204' title='bbox 809 2695 935 2760; x_wconf 86' lang='lat' dir='ltr'><strong>quiaper</strong></span> <span class='ocrx_word' id='word_1_205' title='bbox 948 2693 990 2746; x_wconf 90' lang='lat' dir='ltr'><strong>sui</strong></span> <span class='ocrx_word' id='word_1_206' title='bbox 1004 2694 1129 2746; x_wconf 87' lang='lat' dir='ltr'><strong>ministe-</strong></span> <span class='ocrx_word' id='word_1_207' title='bbox 1157 2726 1160 2732; x_wconf 87' lang='lat'><em>-</em></span> 
     </span>
     <span class='ocr_line' id='line_1_25' title="bbox 95 2768 1057 2844; baseline 0.005 -21"><span class='ocrx_word' id='word_1_208' title='bbox 95 2768 152 2824; x_wconf 77' lang='lat' dir='ltr'><strong>dum</strong></span> <span class='ocrx_word' id='word_1_209' title='bbox 167 2773 289 2829; x_wconf 82' lang='lat' dir='ltr'><strong>diffundit</strong></span> <span class='ocrx_word' id='word_1_210' title='bbox 303 2790 526 2844; x_wconf 85' lang='lat' dir='ltr'><strong>quaquaversum</strong></span> <span class='ocrx_word' id='word_1_211' title='bbox 539 2775 778 2844; x_wconf 79' lang='lat' dir='ltr'><strong>benetragrantcm</strong></span> <span class='ocrx_word' id='word_1_212' title='bbox 797 2777 840 2828; x_wconf 89' lang='lat' dir='ltr'><strong>sui</strong></span> <span class='ocrx_word' id='word_1_213' title='bbox 861 2774 1057 2842; x_wconf 81' lang='lat' dir='ltr'><strong>cognitionem.</strong></span> 
     </span>
    </p>

    <p class='ocr_par' dir='ltr' id='par_1_13' title="bbox 94 2852 1129 3011">
     <span class='ocr_line' id='line_1_26' title="bbox 121 2852 1129 2923; baseline 0.002 -15"><span class='ocrx_word' id='word_1_214' title='bbox 121 2852 144 2920; x_wconf 74' lang='lat' dir='ltr'><strong>i.</strong></span> <span class='ocrx_word' id='word_1_215' title='bbox 153 2859 192 2913; x_wconf 81' lang='lat' dir='ltr'><strong>to.</strong></span> <span class='ocrx_word' id='word_1_216' title='bbox 204 2858 307 2913; x_wconf 82' lang='lat' dir='ltr'><strong>christi</strong></span> <span class='ocrx_word' id='word_1_217' title='bbox 317 2859 410 2912; x_wconf 88' lang='lat' dir='ltr'><strong>bonus</strong></span> <span class='ocrx_word' id='word_1_218' title='bbox 422 2859 493 2913; x_wconf 93' lang='lat' dir='ltr'><strong>odor</strong></span> <span class='ocrx_word' id='word_1_219' title='bbox 504 2864 547 2913; x_wconf 87' lang='lat' dir='ltr'><strong>est</strong></span> <span class='ocrx_word' id='word_1_220' title='bbox 558 2859 689 2913; x_wconf 86' lang='lat' dir='ltr'><strong>omnibus</strong></span> <span class='ocrx_word' id='word_1_221' title='bbox 702 2876 709 2913; x_wconf 75' lang='grc' dir='ltr'><strong>ε</strong></span> <span class='ocrx_word' id='word_1_222' title='bbox 723 2858 850 2912; x_wconf 86' lang='lat' dir='ltr'><strong>salutaris</strong></span> <span class='ocrx_word' id='word_1_223' title='bbox 861 2856 1046 2923; x_wconf 90' lang='lat' dir='ltr'><strong>credentibus,</strong></span> <span class='ocrx_word' id='word_1_224' title='bbox 1057 2872 1129 2911; x_wconf 90' lang='lat' dir='ltr'><strong>mor·</strong></span> 
     </span>
     <span class='ocr_line' id='line_1_27' title="bbox 94 2932 415 3011; baseline 0.022 -22"><span class='ocrx_word' id='word_1_225' title='bbox 94 2932 144 2990; x_wconf 86' lang='lat' dir='ltr'><strong>tiier</strong></span> <span class='ocrx_word' id='word_1_226' title='bbox 157 2938 314 3007; x_wconf 85' lang='lat' dir='ltr'><strong>incredulis,</strong></span> <span class='ocrx_word' id='word_1_227' title='bbox 328 2942 355 3011; x_wconf 65' lang='lat' dir='ltr'><strong>i.</strong></span> <span class='ocrx_word' id='word_1_228' title='bbox 369 2945 415 2996; x_wconf 90' lang='grc'><strong>16.</strong></span> 
     </span>
    </p>

    <p class='ocr_par' dir='ltr' id='par_1_14' title="bbox 95 3020 1130 3177">
     <span class='ocr_line' id='line_1_28' title="bbox 122 3020 1130 3091; baseline 0.009 -20"><span class='ocrx_word' id='word_1_229' title='bbox 122 3020 152 3073; x_wconf 82' lang='lat' dir='ltr'><strong>iix</strong></span> <span class='ocrx_word' id='word_1_230' title='bbox 161 3021 211 3078; x_wconf 88' lang='lat' dir='ltr'><strong>hoc</strong></span> <span class='ocrx_word' id='word_1_231' title='bbox 225 3025 301 3079; x_wconf 86' lang='lat' dir='ltr'><strong>bon&#39;o</strong></span> <span class='ocrx_word' id='word_1_232' title='bbox 322 3024 409 3079; x_wconf 87' lang='lat' dir='ltr'><strong>odore</strong></span> <span class='ocrx_word' id='word_1_233' title='bbox 420 3025 505 3079; x_wconf 89' lang='lat' dir='ltr'><strong>sumit</strong></span> <span class='ocrx_word' id='word_1_234' title='bbox 521 3025 712 3091; x_wconf 88' lang='lat' dir='ltr'><strong>occasionem,</strong></span> <span class='ocrx_word' id='word_1_235' title='bbox 726 3039 805 3080; x_wconf 92' lang='lat' dir='ltr'><strong>suam</strong></span> <span class='ocrx_word' id='word_1_236' title='bbox 820 3032 916 3080; x_wconf 87' lang='lat' dir='ltr'><strong>contra</strong></span> <span class='ocrx_word' id='word_1_237' title='bbox 929 3025 1013 3080; x_wconf 88' lang='lat' dir='ltr'><strong>ialsos</strong></span> <span class='ocrx_word' id='word_1_238' title='bbox 1032 3029 1130 3081; x_wconf 84' lang='lat' dir='ltr'><strong>Docto·</strong></span> 
     </span>
     <span class='ocr_line' id='line_1_29' title="bbox 95 3106 1128 3177; baseline 0.007 -21"><span class='ocrx_word' id='word_1_239' title='bbox 95 3106 284 3176; x_wconf 75' lang='lat' dir='ltr'><strong>resapotogtam</strong></span> <span class='ocrx_word' id='word_1_240' title='bbox 304 3107 424 3161; x_wconf 81' lang='lat' dir='ltr'><strong>texendi.</strong></span> <span class='ocrx_word' id='word_1_241' title='bbox 440 3109 499 3161; x_wconf 83' lang='lat' dir='ltr'><strong>Non</strong></span> <span class='ocrx_word' id='word_1_242' title='bbox 518 3108 589 3162; x_wconf 90' lang='lat' dir='ltr'><strong>sicut</strong></span> <span class='ocrx_word' id='word_1_243' title='bbox 609 3109 646 3161; x_wconf 88' lang='lat' dir='ltr'><strong>iiii</strong></span> <span class='ocrx_word' id='word_1_244' title='bbox 658 3149 665 3172; x_wconf 92' lang='lat'><strong>,</strong></span> <span class='ocrx_word' id='word_1_245' title='bbox 679 3109 857 3177; x_wconf 80' lang='lat' dir='ltr'><strong>Evangelium</strong></span> <span class='ocrx_word' id='word_1_246' title='bbox 875 3116 1061 3177; x_wconf 83' lang='lat' dir='ltr'><strong>conponatur,</strong></span> <span class='ocrx_word' id='word_1_247' title='bbox 1080 3112 1128 3164; x_wconf 88' lang='lat' dir='ltr'><strong>sed</strong></span> 
     </span>
    </p>
   </div>
   <div class='ocr_carea' id='block_1_5' title="bbox 94 3180 1126 3330">
    <p class='ocr_par' dir='ltr' id='par_1_15' title="bbox 94 3180 1126 3330">
     <span class='ocr_line' id='line_1_30' title="bbox 94 3180 1126 3330; baseline 0.005 -87"><span class='ocrx_word' id='word_1_248' title='bbox 94 3180 184 3330; x_wconf 48' lang='grc' dir='ltr'>ξυὶοξτὸ</span> <span class='ocrx_word' id='word_1_249' title='bbox 199 3191 349 3258; x_wconf 86' lang='lat' dir='ltr'><strong>praedicat,</strong></span> <span class='ocrx_word' id='word_1_250' title='bbox 364 3190 495 3260; x_wconf 83' lang='lat' dir='ltr'><strong>tanquim</strong></span> <span class='ocrx_word' id='word_1_251' title='bbox 513 3191 616 3258; x_wconf 79' lang='lat' dir='ltr'><strong>alteo,</strong></span> <span class='ocrx_word' id='word_1_252' title='bbox 629 3205 723 3246; x_wconf 88' lang='lat' dir='ltr'><strong>coram</strong></span> <span class='ocrx_word' id='word_1_253' title='bbox 740 3194 797 3247; x_wconf 81' lang='lat' dir='ltr'><strong>lieo</strong></span> <span class='ocrx_word' id='word_1_254' title='bbox 808 3232 816 3259; x_wconf 93' lang='lat'><strong>,</strong></span> <span class='ocrx_word' id='word_1_255' title='bbox 829 3192 859 3245; x_wconf 91' lang='lat' dir='ltr'><strong>in</strong></span> <span class='ocrx_word' id='word_1_256' title='bbox 880 3193 978 3247; x_wconf 81' lang='lat' dir='ltr'><strong>Christi</strong></span> <span class='ocrx_word' id='word_1_257' title='bbox 990 3208 1126 3260; x_wconf 87' lang='lat' dir='ltr'><strong>persona,</strong></span> 
     </span>
    </p>
   </div>
   <div class='ocr_carea' id='block_1_6' title="bbox 0 0 1260 4424">
    <p class='ocr_par' dir='ltr' id='par_1_16' title="bbox 0 0 1260 4424">
     <span class='ocr_line' id='line_1_31' title="bbox 0 0 1260 4424; baseline 0 0"><span class='ocrx_word' id='word_1_258' title='bbox 0 0 1260 4424; x_wconf 95' lang='lat' dir='ltr'><strong> </strong></span> 
     </span>
    </p>
   </div>
  </div>
 </body>
</html>
