<?xml version="1.0" encoding="UTF-8"?>
<!DOCTYPE html PUBLIC "-//W3C//DTD XHTML 1.0 Transitional//EN"
    "http://www.w3.org/TR/xhtml1/DTD/xhtml1-transitional.dtd">
<html xmlns="http://www.w3.org/1999/xhtml" xml:lang="en" lang="en">
 <head>
  <title>
</title>
<meta http-equiv="Content-Type" content="text/html;charset=utf-8" />
  <meta name='ocr-system' content='tesseract 3.04.00' />
  <meta name='ocr-capabilities' content='ocr_page ocr_carea ocr_par ocr_line ocrx_word'/>
</head>
<body>
  <div class='ocr_page' id='page_1' title='image "./epistolarumbpau01berngoog/epistolarumbpau01berngoog_0077.png"; bbox 0 0 2542 4432; ppageno 0'>
   <div class='ocr_carea' id='block_1_1' title="bbox 114 233 1014 292">
    <p class='ocr_par' dir='ltr' id='par_1_1' title="bbox 114 233 1014 292">
     <span class='ocr_line' id='line_1_1' title="bbox 114 233 1014 292; baseline 0.006 -9"><span class='ocrx_word' id='word_1_1' title='bbox 114 233 148 284; x_wconf 83' lang='grc'><strong>66</strong></span> <span class='ocrx_word' id='word_1_2' title='bbox 274 235 462 289; x_wconf 78' lang='lat' dir='ltr'>SECUNDAE</span> <span class='ocrx_word' id='word_1_3' title='bbox 480 237 684 290; x_wconf 83' lang='lat' dir='ltr'><strong>EPISTOLAE</strong></span> <span class='ocrx_word' id='word_1_4' title='bbox 704 238 754 290; x_wconf 79' lang='lat' dir='ltr'><strong>tn</strong></span> <span class='ocrx_word' id='word_1_5' title='bbox 772 233 1014 292; x_wconf 78' lang='lat' dir='ltr'>CORINTHIOS</span> 
     </span>
    </p>
   </div>
   <div class='ocr_carea' id='block_1_2' title="bbox 111 445 1160 480">
    <p class='ocr_par' dir='ltr' id='par_1_2' title="bbox 111 445 1160 480">
     <span class='ocr_line' id='line_1_2' title="bbox 111 445 1160 480; baseline 0.002 -4"><span class='ocrx_word' id='word_1_6' title='bbox 111 445 1160 480; x_wconf 65' lang='grc' dir='ltr'><strong>οιωοοκκκκκκκκκιοκκκωοοκκκηκκοοκοοκοοκοοκοοοοκκ</strong></span> 
     </span>
    </p>
   </div>
   <div class='ocr_carea' id='block_1_3' title="bbox 293 644 986 730">
    <p class='ocr_par' dir='ltr' id='par_1_3' title="bbox 293 644 986 730">
     <span class='ocr_line' id='line_1_3' title="bbox 293 644 986 730; baseline 0.004 -4"><span class='ocrx_word' id='word_1_7' title='bbox 293 645 550 730; x_wconf 84' lang='lat' dir='ltr'><strong>ANALYSIS</strong></span> <span class='ocrx_word' id='word_1_8' title='bbox 579 645 788 728; x_wconf 84' lang='lat' dir='ltr'><strong>CAPITIS</strong></span> <span class='ocrx_word' id='word_1_9' title='bbox 816 644 986 729; x_wconf 87' lang='lat' dir='ltr'><strong>SEXTI.</strong></span> 
     </span>
    </p>
   </div>
   <div class='ocr_carea' id='block_1_4' title="bbox 106 963 1164 1161">
    <p class='ocr_par' dir='ltr' id='par_1_4' title="bbox 106 963 1164 1161">
     <span class='ocr_line' id='line_1_4' title="bbox 107 963 1164 1078; baseline 0.005 -21"><span class='ocrx_word' id='word_1_10' title='bbox 107 963 252 1070; x_wconf 75' lang='lat' dir='ltr'><strong>Tanoutu</strong></span> <span class='ocrx_word' id='word_1_11' title='bbox 267 1008 316 1064; x_wconf 89' lang='lat' dir='ltr'><strong>Dei</strong></span> <span class='ocrx_word' id='word_1_12' title='bbox 335 1009 459 1078; x_wconf 84' lang='lat' dir='ltr'><strong>legatus,</strong></span> <span class='ocrx_word' id='word_1_13' title='bbox 475 1014 503 1064; x_wconf 97' lang='lat' dir='ltr'><strong>et</strong></span> <span class='ocrx_word' id='word_1_14' title='bbox 515 1007 644 1061; x_wconf 84' lang='lat' dir='ltr'><strong>humanae</strong></span> <span class='ocrx_word' id='word_1_15' title='bbox 662 1020 727 1061; x_wconf 88' lang='lat' dir='ltr'><strong>cum</strong></span> <span class='ocrx_word' id='word_1_16' title='bbox 745 1009 803 1060; x_wconf 85' lang='lat' dir='ltr'><strong>Deo</strong></span> <span class='ocrx_word' id='word_1_17' title='bbox 816 1004 1050 1059; x_wconf 79' lang='lat' dir='ltr'><strong>reconciliationis</strong></span> <span class='ocrx_word' id='word_1_18' title='bbox 1070 1006 1164 1062; x_wconf 82' lang='lat' dir='ltr'><strong>minis·</strong></span> 
     </span>
     <span class='ocr_line' id='line_1_5' title="bbox 106 1087 1162 1161; baseline 0 -17"><span class='ocrx_word' id='word_1_19' title='bbox 106 1097 164 1156; x_wconf 89' lang='lat' dir='ltr'><strong>ter,</strong></span> <span class='ocrx_word' id='word_1_20' title='bbox 178 1090 306 1145; x_wconf 83' lang='lat' dir='ltr'><strong>hortatui</strong></span> <span class='ocrx_word' id='word_1_21' title='bbox 327 1091 484 1146; x_wconf 83' lang='lat' dir='ltr'><strong>corinthios</strong></span> <span class='ocrx_word' id='word_1_22' title='bbox 506 1096 537 1144; x_wconf 89' lang='lat' dir='ltr'><strong>ut</strong></span> <span class='ocrx_word' id='word_1_23' title='bbox 551 1091 600 1144; x_wconf 85' lang='lat' dir='ltr'><strong>Dei</strong></span> <span class='ocrx_word' id='word_1_24' title='bbox 622 1089 732 1159; x_wconf 87' lang='lat' dir='ltr'><strong>gratiae,</strong></span> <span class='ocrx_word' id='word_1_25' title='bbox 746 1103 798 1142; x_wconf 87' lang='lat' dir='ltr'><strong>suo</strong></span> <span class='ocrx_word' id='word_1_26' title='bbox 818 1087 972 1142; x_wconf 84' lang='lat' dir='ltr'><strong>ministerio</strong></span> <span class='ocrx_word' id='word_1_27' title='bbox 989 1087 1031 1142; x_wconf 82' lang='lat' dir='ltr'><strong>eia</strong></span> <span class='ocrx_word' id='word_1_28' title='bbox 1044 1090 1162 1161; x_wconf 73' lang='lat' dir='ltr'><strong>collata,</strong></span> 
     </span>
    </p>
   </div>
   <div class='ocr_carea' id='block_1_5' title="bbox 104 1159 1165 1410">
    <p class='ocr_par' dir='ltr' id='par_1_5' title="bbox 104 1159 1165 1410">
     <span class='ocr_line' id='line_1_6' title="bbox 106 1159 1165 1242; baseline 0 -14"><span class='ocrx_word' id='word_1_29' title='bbox 106 1175 223 1228; x_wconf 83' lang='lat' dir='ltr'><strong>fideliter</strong></span> <span class='ocrx_word' id='word_1_30' title='bbox 234 1173 421 1242; x_wconf 79' lang='lat' dir='ltr'>respondeant</span> <span class='ocrx_word' id='word_1_31' title='bbox 435 1191 442 1227; x_wconf 74' lang='grc' dir='ltr'><strong>ι</strong></span> <span class='ocrx_word' id='word_1_32' title='bbox 455 1178 543 1240; x_wconf 74' lang='lat' dir='ltr'><strong>utque</strong></span> <span class='ocrx_word' id='word_1_33' title='bbox 564 1159 687 1241; x_wconf 81' lang='lat' dir='ltr'><strong>pressius</strong></span> <span class='ocrx_word' id='word_1_34' title='bbox 699 1172 776 1240; x_wconf 87' lang='lat' dir='ltr'><strong>ipsos</strong></span> <span class='ocrx_word' id='word_1_35' title='bbox 787 1171 824 1225; x_wconf 93' lang='lat' dir='ltr'><strong>ad</strong></span> <span class='ocrx_word' id='word_1_36' title='bbox 841 1171 871 1225; x_wconf 89' lang='lat' dir='ltr'><strong>id</strong></span> <span class='ocrx_word' id='word_1_37' title='bbox 881 1176 991 1240; x_wconf 85' lang='lat' dir='ltr'><strong>urgeat,</strong></span> <span class='ocrx_word' id='word_1_38' title='bbox 1006 1174 1103 1227; x_wconf 87' lang='lat' dir='ltr'><strong>monet</strong></span> <span class='ocrx_word' id='word_1_39' title='bbox 1119 1187 1165 1242; x_wconf 69' lang='lat' dir='ltr'><strong>oo</strong></span> 
     </span>
     <span class='ocr_line' id='line_1_7' title="bbox 105 1253 1163 1326; baseline 0 -15"><span class='ocrx_word' id='word_1_40' title='bbox 105 1264 257 1324; x_wconf 83' lang='lat' dir='ltr'><strong>portunum</strong></span> <span class='ocrx_word' id='word_1_41' title='bbox 280 1258 321 1311; x_wconf 88' lang='lat' dir='ltr'><strong>eis</strong></span> <span class='ocrx_word' id='word_1_42' title='bbox 340 1257 436 1310; x_wconf 89' lang='lat' dir='ltr'><strong>salutis</strong></span> <span class='ocrx_word' id='word_1_43' title='bbox 453 1261 580 1324; x_wconf 79' lang='lat' dir='ltr'><strong>tempus,</strong></span> <span class='ocrx_word' id='word_1_44' title='bbox 597 1256 614 1310; x_wconf 81' lang='lat' dir='ltr'><strong>a</strong></span> <span class='ocrx_word' id='word_1_45' title='bbox 632 1255 769 1323; x_wconf 86' lang='lat' dir='ltr'><strong>Propheta</strong></span> <span class='ocrx_word' id='word_1_46' title='bbox 783 1253 947 1322; x_wconf 86' lang='lat' dir='ltr'><strong>praedictum</strong></span> <span class='ocrx_word' id='word_1_47' title='bbox 969 1260 998 1309; x_wconf 88' lang='lat' dir='ltr'><strong>et</strong></span> <span class='ocrx_word' id='word_1_48' title='bbox 1021 1261 1163 1326; x_wconf 84' lang='lat' dir='ltr'><strong>optatum,</strong></span> 
     </span>
     <span class='ocr_line' id='line_1_8' title="bbox 104 1341 379 1410; baseline -0.011 -15"><span class='ocrx_word' id='word_1_49' title='bbox 104 1341 203 1395; x_wconf 84' lang='lat' dir='ltr'>adesse</span> <span class='ocrx_word' id='word_1_50' title='bbox 216 1341 267 1410; x_wconf 51' lang='lat' dir='ltr'><strong>„i</strong></span> <span class='ocrx_word' id='word_1_51' title='bbox 278 1342 379 1394; x_wconf 72' lang='grc'><strong>1111.</strong></span> 
     </span>
    </p>
   </div>
   <div class='ocr_carea' id='block_1_6' title="bbox 102 1410 1175 1923">
    <p class='ocr_par' dir='ltr' id='par_1_6' title="bbox 102 1410 1175 1923">
     <span class='ocr_line' id='line_1_9' title="bbox 139 1410 1164 1507; baseline -0.001 -16"><span class='ocrx_word' id='word_1_52' title='bbox 139 1438 202 1507; x_wconf 64' lang='lat' dir='ltr'><strong>dl</strong></span> <span class='ocrx_word' id='word_1_53' title='bbox 216 1436 281 1491; x_wconf 71' lang='lat' dir='ltr'><strong>aad</strong></span> <span class='ocrx_word' id='word_1_54' title='bbox 300 1440 353 1502; x_wconf 88' lang='lat' dir='ltr'><strong>tt,</strong></span> <span class='ocrx_word' id='word_1_55' title='bbox 367 1410 499 1490; x_wconf 76' lang='lat' dir='ltr'><strong>describit</strong></span> <span class='ocrx_word' id='word_1_56' title='bbox 512 1437 649 1505; x_wconf 86' lang='lat' dir='ltr'><strong>qualitor</strong></span> <span class='ocrx_word' id='word_1_57' title='bbox 641 1451 701 1505; x_wconf 80' lang='lat' dir='ltr'><strong>rose</strong></span> <span class='ocrx_word' id='word_1_58' title='bbox 718 1441 746 1490; x_wconf 87' lang='lat' dir='ltr'><strong>et</strong></span> <span class='ocrx_word' id='word_1_59' title='bbox 765 1414 919 1503; x_wconf 70' lang='grc'><strong>111111111,</strong></span> <span class='ocrx_word' id='word_1_60' title='bbox 933 1435 987 1488; x_wconf 87' lang='lat' dir='ltr'><strong>hoc</strong></span> <span class='ocrx_word' id='word_1_61' title='bbox 1001 1448 1054 1489; x_wconf 85' lang='lat' dir='ltr'><strong>suo</strong></span> <span class='ocrx_word' id='word_1_62' title='bbox 1066 1436 1164 1490; x_wconf 77' lang='grc'><strong>111111-</strong></span> 
     </span>
     <span class='ocr_line' id='line_1_10' title="bbox 104 1517 1162 1591; baseline 0 -17"><span class='ocrx_word' id='word_1_63' title='bbox 104 1527 231 1590; x_wconf 88' lang='lat' dir='ltr'><strong>gatorum</strong></span> <span class='ocrx_word' id='word_1_64' title='bbox 244 1533 361 1575; x_wconf 85' lang='lat' dir='ltr'><strong>munero</strong></span> <span class='ocrx_word' id='word_1_65' title='bbox 372 1519 540 1590; x_wconf 89' lang='lat' dir='ltr'><strong>iungantur;</strong></span> <span class='ocrx_word' id='word_1_66' title='bbox 552 1521 607 1589; x_wconf 84' lang='lat' dir='ltr'><strong>qud</strong></span> <span class='ocrx_word' id='word_1_67' title='bbox 620 1517 1089 1588; x_wconf 67' lang='grc'><strong>11111111311111,111111111111,</strong></span> <span class='ocrx_word' id='word_1_68' title='bbox 1102 1524 1162 1591; x_wconf 77' lang='lat' dir='ltr'><strong>etc„</strong></span> 
     </span>
     <span class='ocr_line' id='line_1_11' title="bbox 104 1603 1172 1681; baseline -0.002 -23"><span class='ocrx_word' id='word_1_69' title='bbox 104 1606 200 1671; x_wconf 83' lang='lat' dir='ltr'><strong>sicque</strong></span> <span class='ocrx_word' id='word_1_70' title='bbox 219 1618 299 1658; x_wconf 86' lang='lat' dir='ltr'><strong>suam</strong></span> <span class='ocrx_word' id='word_1_71' title='bbox 309 1603 399 1672; x_wconf 86' lang='lat' dir='ltr'><strong>pingit</strong></span> <span class='ocrx_word' id='word_1_72' title='bbox 408 1605 492 1658; x_wconf 81' lang='lat' dir='ltr'><strong>vitam</strong></span> <span class='ocrx_word' id='word_1_73' title='bbox 506 1608 570 1660; x_wconf 82' lang='lat' dir='ltr'><strong>vere</strong></span> <span class='ocrx_word' id='word_1_74' title='bbox 586 1605 783 1672; x_wconf 83' lang='lat' dir='ltr'><strong>apostolicam,</strong></span> <span class='ocrx_word' id='word_1_75' title='bbox 796 1608 828 1657; x_wconf 91' lang='lat' dir='ltr'><strong>ut</strong></span> <span class='ocrx_word' id='word_1_76' title='bbox 844 1617 889 1668; x_wconf 88' lang='lat' dir='ltr'><strong>se,</strong></span> <span class='ocrx_word' id='word_1_77' title='bbox 904 1615 1027 1670; x_wconf 82' lang='lat' dir='ltr'><strong>suosque</strong></span> <span class='ocrx_word' id='word_1_78' title='bbox 1038 1603 1172 1681; x_wconf 33' lang='lat' dir='ltr'><strong>collegae,-</strong></span> 
     </span>
     <span class='ocr_line' id='line_1_12' title="bbox 104 1685 1175 1756; baseline -0.006 -15"><span class='ocrx_word' id='word_1_79' title='bbox 104 1695 200 1741; x_wconf 91' lang='lat' dir='ltr'><strong>contra</strong></span> <span class='ocrx_word' id='word_1_80' title='bbox 222 1686 436 1742; x_wconf 73' lang='lat' dir='ltr'><strong>obtrectantium</strong></span> <span class='ocrx_word' id='word_1_81' title='bbox 448 1688 781 1756; x_wconf 86' lang='lat' dir='ltr'><strong>calumniasjustillcans,</strong></span> <span class='ocrx_word' id='word_1_82' title='bbox 802 1687 884 1739; x_wconf 88' lang='lat' dir='ltr'><strong>simul</strong></span> <span class='ocrx_word' id='word_1_83' title='bbox 901 1692 929 1739; x_wconf 88' lang='lat' dir='ltr'><strong>et</strong></span> <span class='ocrx_word' id='word_1_84' title='bbox 943 1685 1175 1754; x_wconf 19' lang='lat' dir='ltr'><strong>pseudoapostu*</strong></span> 
     </span>
     <span class='ocr_line' id='line_1_13' title="bbox 104 1768 1161 1840; baseline 0.002 -17"><span class='ocrx_word' id='word_1_85' title='bbox 104 1772 196 1824; x_wconf 89' lang='lat' dir='ltr'><strong>lorum</strong></span> <span class='ocrx_word' id='word_1_86' title='bbox 215 1772 328 1826; x_wconf 89' lang='lat' dir='ltr'><strong>mollem</strong></span> <span class='ocrx_word' id='word_1_87' title='bbox 351 1773 437 1825; x_wconf 87' lang='lat' dir='ltr'><strong>vitam</strong></span> <span class='ocrx_word' id='word_1_88' title='bbox 454 1772 537 1825; x_wconf 75' lang='lat' dir='ltr'><strong>tacita</strong></span> <span class='ocrx_word' id='word_1_89' title='bbox 557 1785 689 1840; x_wconf 86' lang='lat' dir='ltr'><strong>carpens,</strong></span> <span class='ocrx_word' id='word_1_90' title='bbox 711 1771 841 1825; x_wconf 86' lang='lat' dir='ltr'><strong>omnibus</strong></span> <span class='ocrx_word' id='word_1_91' title='bbox 862 1768 1001 1839; x_wconf 78' lang='lat' dir='ltr'><strong>Evangelii</strong></span> <span class='ocrx_word' id='word_1_92' title='bbox 1013 1769 1161 1836; x_wconf 75' lang='lat' dir='ltr'><strong>ministris,</strong></span> 
     </span>
     <span class='ocr_line' id='line_1_14' title="bbox 102 1855 631 1923; baseline 0.008 -18"><span class='ocrx_word' id='word_1_93' title='bbox 102 1856 164 1908; x_wconf 85' lang='lat' dir='ltr'><strong>vitae</strong></span> <span class='ocrx_word' id='word_1_94' title='bbox 176 1855 335 1923; x_wconf 84' lang='lat' dir='ltr'><strong>apostolicae</strong></span> <span class='ocrx_word' id='word_1_95' title='bbox 348 1855 471 1923; x_wconf 76' lang='lat' dir='ltr'><strong>praebeat</strong></span> <span class='ocrx_word' id='word_1_96' title='bbox 483 1857 631 1922; x_wconf 83' lang='lat' dir='ltr'><strong>exemplar.</strong></span> 
     </span>
    </p>
   </div>
   <div class='ocr_carea' id='block_1_7' title="bbox 102 1953 1162 2190">
    <p class='ocr_par' dir='ltr' id='par_1_7' title="bbox 102 1953 1162 2190">
     <span class='ocr_line' id='line_1_15' title="bbox 139 1953 1162 2022; baseline 0.006 -16"><span class='ocrx_word' id='word_1_97' title='bbox 139 1955 168 2022; x_wconf 70' lang='grc'><strong>1.</strong></span> <span class='ocrx_word' id='word_1_98' title='bbox 180 1960 226 2008; x_wconf 93' lang='grc'><strong>11.</strong></span> <span class='ocrx_word' id='word_1_99' title='bbox 240 1954 310 2007; x_wconf 87' lang='lat' dir='ltr'><strong>Vitae</strong></span> <span class='ocrx_word' id='word_1_100' title='bbox 329 1967 388 2008; x_wconf 83' lang='lat' dir='ltr'><strong>suaa</strong></span> <span class='ocrx_word' id='word_1_101' title='bbox 400 1954 511 2021; x_wconf 81' lang='lat' dir='ltr'><strong>peracta</strong></span> <span class='ocrx_word' id='word_1_102' title='bbox 527 1953 666 2020; x_wconf 82' lang='lat' dir='ltr'><strong>imagine,</strong></span> <span class='ocrx_word' id='word_1_103' title='bbox 680 1953 752 2007; x_wconf 87' lang='lat' dir='ltr'><strong>hanc</strong></span> <span class='ocrx_word' id='word_1_104' title='bbox 769 1953 805 2006; x_wconf 87' lang='lat' dir='ltr'><strong>dc</strong></span> <span class='ocrx_word' id='word_1_105' title='bbox 820 1967 850 2007; x_wconf 88' lang='lat' dir='ltr'><strong>se</strong></span> <span class='ocrx_word' id='word_1_106' title='bbox 861 1954 995 2022; x_wconf 91' lang='lat' dir='ltr'><strong>loquendi</strong></span> <span class='ocrx_word' id='word_1_107' title='bbox 1011 1955 1162 2012; x_wconf 81' lang='lat' dir='ltr'><strong>libertatem</strong></span> 
     </span>
     <span class='ocr_line' id='line_1_16' title="bbox 105 2036 1160 2105; baseline 0.002 -14"><span class='ocrx_word' id='word_1_108' title='bbox 105 2047 302 2104; x_wconf 75' lang='lat' dir='ltr'><strong>excusaturus,</strong></span> <span class='ocrx_word' id='word_1_109' title='bbox 316 2038 466 2104; x_wconf 86' lang='lat' dir='ltr'><strong>alloquitur</strong></span> <span class='ocrx_word' id='word_1_110' title='bbox 488 2036 663 2100; x_wconf 81' lang='lat' dir='ltr'><strong>Corinthios,</strong></span> <span class='ocrx_word' id='word_1_111' title='bbox 684 2036 762 2090; x_wconf 87' lang='lat' dir='ltr'><strong>aiens</strong></span> <span class='ocrx_word' id='word_1_112' title='bbox 782 2050 911 2091; x_wconf 86' lang='lat' dir='ltr'><strong>ossuum</strong></span> <span class='ocrx_word' id='word_1_113' title='bbox 935 2037 970 2091; x_wconf 93' lang='lat' dir='ltr'><strong>ad</strong></span> <span class='ocrx_word' id='word_1_114' title='bbox 986 2051 1036 2092; x_wconf 83' lang='lat' dir='ltr'><strong>eos</strong></span> <span class='ocrx_word' id='word_1_115' title='bbox 1050 2043 1160 2105; x_wconf 84' lang='lat' dir='ltr'><strong>patera,</strong></span> 
     </span>
     <span class='ocr_line' id='line_1_17' title="bbox 102 2118 1162 2190; baseline 0.004 -17"><span class='ocrx_word' id='word_1_116' title='bbox 102 2120 168 2187; x_wconf 87' lang='lat' dir='ltr'><strong>quia</strong></span> <span class='ocrx_word' id='word_1_117' title='bbox 179 2135 229 2174; x_wconf 92' lang='lat' dir='ltr'><strong>cor</strong></span> <span class='ocrx_word' id='word_1_118' title='bbox 241 2121 362 2174; x_wconf 90' lang='lat' dir='ltr'><strong>suumin</strong></span> <span class='ocrx_word' id='word_1_119' title='bbox 374 2133 424 2172; x_wconf 88' lang='lat' dir='ltr'><strong>eos</strong></span> <span class='ocrx_word' id='word_1_120' title='bbox 435 2119 579 2172; x_wconf 87' lang='lat' dir='ltr'><strong>dilatatum</strong></span> <span class='ocrx_word' id='word_1_121' title='bbox 592 2127 651 2182; x_wconf 80' lang='lat' dir='ltr'><strong>est3</strong></span> <span class='ocrx_word' id='word_1_122' title='bbox 665 2132 714 2172; x_wconf 89' lang='lat' dir='ltr'><strong>seu</strong></span> <span class='ocrx_word' id='word_1_123' title='bbox 725 2118 788 2172; x_wconf 90' lang='lat' dir='ltr'><strong>ideo</strong></span> <span class='ocrx_word' id='word_1_124' title='bbox 803 2121 844 2173; x_wconf 88' lang='lat' dir='ltr'><strong>eis</strong></span> <span class='ocrx_word' id='word_1_125' title='bbox 856 2133 886 2172; x_wconf 88' lang='lat' dir='ltr'><strong>se</strong></span> <span class='ocrx_word' id='word_1_126' title='bbox 897 2120 984 2174; x_wconf 77' lang='lat' dir='ltr'><strong>libere</strong></span> <span class='ocrx_word' id='word_1_127' title='bbox 994 2121 1083 2188; x_wconf 89' lang='lat' dir='ltr'><strong>loqui,</strong></span> <span class='ocrx_word' id='word_1_128' title='bbox 1099 2121 1162 2190; x_wconf 84' lang='lat' dir='ltr'><strong>quia</strong></span> 
     </span>
    </p>
   </div>
   <div class='ocr_carea' id='block_1_8' title="bbox 74 2203 1047 2480">
    <p class='ocr_par' dir='ltr' id='par_1_8' title="bbox 74 2203 1047 2480">
     <span class='ocr_line' id='line_1_18' title="bbox 101 2203 354 2272; baseline -0.008 -14"><span class='ocrx_word' id='word_1_129' title='bbox 101 2217 150 2258; x_wconf 89' lang='lat' dir='ltr'><strong>cos</strong></span> <span class='ocrx_word' id='word_1_130' title='bbox 161 2204 247 2258; x_wconf 76' lang='lat' dir='ltr'><strong>effuse</strong></span> <span class='ocrx_word' id='word_1_131' title='bbox 257 2203 354 2272; x_wconf 86' lang='lat' dir='ltr'><strong>diligit.</strong></span> 
     </span>
     <span class='ocr_line' id='line_1_19' title="bbox 136 2299 1047 2376; baseline 0.001 -23"><span class='ocrx_word' id='word_1_132' title='bbox 136 2301 163 2370; x_wconf 66' lang='lat' dir='ltr'><strong>i.</strong></span> <span class='ocrx_word' id='word_1_133' title='bbox 177 2303 222 2354; x_wconf 74' lang='grc'><strong>11.</strong></span> <span class='ocrx_word' id='word_1_134' title='bbox 237 2299 332 2354; x_wconf 77' lang='lat' dir='ltr'><strong>Amico</strong></span> <span class='ocrx_word' id='word_1_135' title='bbox 341 2299 484 2368; x_wconf 86' lang='lat' dir='ltr'><strong>objurgat,</strong></span> <span class='ocrx_word' id='word_1_136' title='bbox 498 2299 575 2368; x_wconf 82' lang='lat' dir='ltr'><strong>quod</strong></span> <span class='ocrx_word' id='word_1_137' title='bbox 589 2299 624 2354; x_wconf 89' lang='lat' dir='ltr'><strong>ab</strong></span> <span class='ocrx_word' id='word_1_138' title='bbox 636 2299 688 2353; x_wconf 85' lang='lat' dir='ltr'><strong>illis</strong></span> <span class='ocrx_word' id='word_1_139' title='bbox 700 2300 760 2368; x_wconf 84' lang='lat' dir='ltr'><strong>ipse</strong></span> <span class='ocrx_word' id='word_1_140' title='bbox 772 2299 864 2353; x_wconf 77' lang='lat' dir='ltr'><strong>minus</strong></span> <span class='ocrx_word' id='word_1_141' title='bbox 876 2300 1013 2370; x_wconf 84' lang='lat' dir='ltr'><strong>diligatur.</strong></span> <span class='ocrx_word' id='word_1_142' title='bbox 1044 2372 1047 2376; x_wconf 21' lang='grc' dir='ltr'>Ι</span> 
     </span>
     <span class='ocr_line' id='line_1_20' title="bbox 74 2396 692 2480; baseline 0 -30"><span class='ocrx_word' id='word_1_143' title='bbox 74 2423 77 2436; x_wconf 85' lang='grc'>-</span> <span class='ocrx_word' id='word_1_144' title='bbox 136 2397 163 2466; x_wconf 67' lang='lat' dir='ltr'><strong>i.</strong></span> <span class='ocrx_word' id='word_1_145' title='bbox 177 2401 222 2451; x_wconf 76' lang='lat' dir='ltr'><strong>ta.</strong></span> <span class='ocrx_word' id='word_1_146' title='bbox 236 2400 334 2480; x_wconf 82' lang='lat' dir='ltr'><strong>Parem</strong></span> <span class='ocrx_word' id='word_1_147' title='bbox 345 2397 466 2464; x_wconf 84' lang='lat' dir='ltr'><strong>postulat</strong></span> <span class='ocrx_word' id='word_1_148' title='bbox 477 2396 580 2451; x_wconf 85' lang='lat' dir='ltr'><strong>amoris</strong></span> <span class='ocrx_word' id='word_1_149' title='bbox 594 2400 692 2451; x_wconf 88' lang='lat' dir='ltr'><strong>vicem.</strong></span> 
     </span>
    </p>
   </div>
   <div class='ocr_carea' id='block_1_9' title="bbox 100 2493 1158 2896">
    <p class='ocr_par' dir='ltr' id='par_1_9' title="bbox 102 2493 1158 2728">
     <span class='ocr_line' id='line_1_21' title="bbox 136 2493 1158 2562; baseline 0.006 -16"><span class='ocrx_word' id='word_1_150' title='bbox 136 2495 163 2562; x_wconf 68' lang='grc'><strong>1.</strong></span> <span class='ocrx_word' id='word_1_151' title='bbox 181 2497 227 2546; x_wconf 89' lang='grc'><strong>11.</strong></span> <span class='ocrx_word' id='word_1_152' title='bbox 240 2494 395 2546; x_wconf 87' lang='lat' dir='ltr'><strong>Resumeus</strong></span> <span class='ocrx_word' id='word_1_153' title='bbox 406 2493 487 2561; x_wconf 91' lang='lat' dir='ltr'><strong>legati</strong></span> <span class='ocrx_word' id='word_1_154' title='bbox 499 2507 646 2560; x_wconf 84' lang='lat' dir='ltr'><strong>personam</strong></span> <span class='ocrx_word' id='word_1_155' title='bbox 658 2504 686 2547; x_wconf 91' lang='lat' dir='ltr'><strong>et</strong></span> <span class='ocrx_word' id='word_1_156' title='bbox 697 2507 816 2560; x_wconf 88' lang='lat' dir='ltr'><strong>munus,</strong></span> <span class='ocrx_word' id='word_1_157' title='bbox 827 2495 954 2548; x_wconf 86' lang='lat' dir='ltr'><strong>hortatur</strong></span> <span class='ocrx_word' id='word_1_158' title='bbox 964 2494 1158 2552; x_wconf 81' lang='lat' dir='ltr'><strong>corinthioaut</strong></span> 
     </span>
     <span class='ocr_line' id='line_1_22' title="bbox 102 2575 1156 2649; baseline 0.003 -17"><span class='ocrx_word' id='word_1_159' title='bbox 102 2591 213 2632; x_wconf 87' lang='lat' dir='ltr'><strong>omnem</strong></span> <span class='ocrx_word' id='word_1_160' title='bbox 237 2591 301 2631; x_wconf 89' lang='lat' dir='ltr'><strong>cum</strong></span> <span class='ocrx_word' id='word_1_161' title='bbox 325 2575 483 2631; x_wconf 83' lang='lat' dir='ltr'><strong>infidelibus</strong></span> <span class='ocrx_word' id='word_1_162' title='bbox 499 2575 586 2645; x_wconf 81' lang='lat' dir='ltr'><strong>fugiat</strong></span> <span class='ocrx_word' id='word_1_163' title='bbox 607 2576 791 2643; x_wconf 85' lang='lat' dir='ltr'><strong>periculosam</strong></span> <span class='ocrx_word' id='word_1_164' title='bbox 820 2578 996 2644; x_wconf 83' lang='lat' dir='ltr'><strong>affinitatem,</strong></span> <span class='ocrx_word' id='word_1_165' title='bbox 1021 2578 1156 2649; x_wconf 81' lang='lat' dir='ltr'><strong>hujusque</strong></span> 
     </span>
     <span class='ocr_line' id='line_1_23' title="bbox 102 2659 1014 2734; baseline -0.001 -20"><span class='ocrx_word' id='word_1_166' title='bbox 102 2660 281 2734; x_wconf 84' lang='lat' dir='ltr'><strong>multiplicem</strong></span> <span class='ocrx_word' id='word_1_167' title='bbox 294 2659 385 2714; x_wconf 82' lang='lat' dir='ltr'><strong>reddit</strong></span> <span class='ocrx_word' id='word_1_168' title='bbox 397 2660 531 2713; x_wconf 89' lang='lat' dir='ltr'><strong>rationem</strong></span> <span class='ocrx_word' id='word_1_169' title='bbox 542 2673 652 2726; x_wconf 86' lang='lat' dir='ltr'><strong>,usque</strong></span> <span class='ocrx_word' id='word_1_170' title='bbox 667 2661 704 2712; x_wconf 90' lang='lat' dir='ltr'><strong>ad</strong></span> <span class='ocrx_word' id='word_1_171' title='bbox 713 2659 796 2726; x_wconf 77' lang='lat' dir='ltr'><strong>lruJ&#39;us</strong></span> <span class='ocrx_word' id='word_1_172' title='bbox 808 2661 907 2727; x_wconf 86' lang='lat' dir='ltr'><strong>capitis</strong></span> <span class='ocrx_word' id='word_1_173' title='bbox 920 2660 1014 2715; x_wconf 83' lang='lat' dir='ltr'><strong>tinem.</strong></span> 
     </span>
    </p>

    <p class='ocr_par' dir='ltr' id='par_1_10' title="bbox 100 2743 1154 2883">
     <span class='ocr_line' id='line_1_24' title="bbox 136 2743 1154 2814; baseline 0.003 -15"><span class='ocrx_word' id='word_1_174' title='bbox 136 2747 215 2808; x_wconf 85' lang='lat' dir='ltr'><strong>Quod</strong></span> <span class='ocrx_word' id='word_1_175' title='bbox 228 2746 350 2811; x_wconf 83' lang='lat' dir='ltr'><strong>denique</strong></span> <span class='ocrx_word' id='word_1_176' title='bbox 365 2743 505 2798; x_wconf 87' lang='lat' dir='ltr'><strong>concludit</strong></span> <span class='ocrx_word' id='word_1_177' title='bbox 516 2743 657 2811; x_wconf 88' lang='lat' dir='ltr'><strong>,allegans</strong></span> <span class='ocrx_word' id='word_1_178' title='bbox 671 2743 720 2796; x_wconf 85' lang='lat' dir='ltr'><strong>Dei</strong></span> <span class='ocrx_word' id='word_1_179' title='bbox 734 2743 975 2811; x_wconf 75' lang='lat' dir='ltr'><strong>promissionem:</strong></span> <span class='ocrx_word' id='word_1_180' title='bbox 988 2744 1066 2814; x_wconf 75' lang='lat' dir='ltr'><strong>quod</strong></span> <span class='ocrx_word' id='word_1_181' title='bbox 1082 2759 1106 2800; x_wconf 81' lang='lat' dir='ltr'><strong>st</strong></span> <span class='ocrx_word' id='word_1_182' title='bbox 1098 2744 1154 2802; x_wconf 80' lang='grc'><strong>11-</strong></span> 
     </span>
     <span class='ocr_line' id='line_1_25' title="bbox 100 2824 730 2896; baseline 0.002 -15"><span class='ocrx_word' id='word_1_183' title='bbox 100 2829 208 2896; x_wconf 78' lang='lat' dir='ltr'><strong>centis,</strong></span> <span class='ocrx_word' id='word_1_184' title='bbox 221 2843 270 2883; x_wconf 89' lang='lat' dir='ltr'><strong>ero</strong></span> <span class='ocrx_word' id='word_1_185' title='bbox 282 2829 363 2882; x_wconf 79' lang='lat' dir='ltr'><strong>uobis</strong></span> <span class='ocrx_word' id='word_1_186' title='bbox 378 2829 475 2893; x_wconf 87' lang='lat' dir='ltr'><strong>Pater,</strong></span> <span class='ocrx_word' id='word_1_187' title='bbox 489 2831 517 2880; x_wconf 89' lang='lat' dir='ltr'><strong>et</strong></span> <span class='ocrx_word' id='word_1_188' title='bbox 534 2838 581 2880; x_wconf 83' lang='lat' dir='ltr'><strong>voa</strong></span> <span class='ocrx_word' id='word_1_189' title='bbox 592 2824 660 2880; x_wconf 85' lang='lat' dir='ltr'><strong>mihi</strong></span> <span class='ocrx_word' id='word_1_190' title='bbox 671 2825 730 2882; x_wconf 86' lang='lat' dir='ltr'><strong>tilii</strong></span> 
     </span>
    </p>
   </div>
   <div class='ocr_carea' id='block_1_10' title="bbox 0 0 1276 4432">
    <p class='ocr_par' dir='ltr' id='par_1_11' title="bbox 0 0 1276 4432">
     <span class='ocr_line' id='line_1_26' title="bbox 0 0 1276 4432; baseline 0 2"><span class='ocrx_word' id='word_1_191' title='bbox 0 0 1276 4432; x_wconf 95' lang='lat' dir='ltr'><strong> </strong></span> 
     </span>
    </p>
   </div>
  </div>
 </body>
</html>
