2512 4424
100 253 153 306 iio
393 255 596 309 EPlSTOLAE
616 257 665 310 lib
682 255 874 312 arnustus

130 347 245 397 Christus
263 348 301 398 esi
316 346 424 399 dilectus
436 362 482 411 per
501 350 672 401 excellentiam
684 388 690 410 ,
703 349 734 400 ob
747 364 824 413 quem
839 351 905 401 bens
916 347 979 399 alios
997 346 1090 408 diligit,
1105 346 1162 397 aine

100 429 150 478 quo
160 428 235 466 nemo
247 419 396 466 ceterorum
407 417 530 480 diligitur.
543 418 571 467 in
583 420 638 480 ipso
656 421 682 469 et
693 423 796 482 propter
807 421 891 483 ipsum
902 418 969 467 heus
980 429 1026 467 nos
1041 414 1124 476 diligit
1137 415 1161 461 et

101 486 171 534 omni
185 484 265 546 gratia
276 485 399 535 cumulat.

128 553 194 603 ilinc
205 553 305 604 Christo
317 567 431 616 semper,
443 557 470 604 in
482 568 635 617 quocunqne
646 560 730 615 statu,
744 557 817 606 nobis
831 553 1028 606 adherendum:
1041 555 1067 602 et
1077 551 1161 602 omnia

99 623 239 686 peripsum
250 635 406 683 quecunque
417 623 524 685 petenda
535 661 542 684 ,
553 624 693 687 speranda,
705 624 878 687 exspectanda.

131 689 260 752 linitipiex
272 694 298 740 et
315 694 386 740 varia
403 693 431 740 in
449 703 537 742 versus
551 692 738 756 precedentes,
756 693 867 742 occurrit
884 689 1025 740 observatio
1035 685 1163 746 iacienda,

99 759 157 807 tum
175 758 332 820 dogmatica,
351 764 407 809 tum
427 759 538 810 moralia.

131 858 213 908 Parim
229 868 384 909 oasnnvsmo
400 868 554 906 amussim.
565 854 688 919 -Eleqit
700 869 746 906 nos
762 862 791 905 at
803 869 908 906 essemus
918 853 1017 911 cuncti,
1035 864 1088 902 non
1105 852 1161 913 qnia

100 941 203 988 sumus,
221 931 266 977 aut
282 926 361 976 tutori
380 938 483 986 sumus,
494 925 539 974 sed
557 928 586 975 ut
599 927 688 974 simus.

129 998 195 1059 ilrgo
206 1010 258 1047 uon
271 1007 301 1045 ex
311 996 404 1044 nostris
422 996 536 1054 meritis,
548 997 594 1042 aut
610 993 768 1055 actualibus,
784 997 831 1044 aut
846 993 977 1056 precisis:
993 989 1039 1041 sed
1053 1001 1086 1040 ex
1100 999 1161 1052 pora

99 1067 144 1117 ilai
163 1064 353 1124 misericordia,
375 1064 406 1113 ob
421 1063 515 1114 Christi
531 1062 578 1112 tilii
595 1064 634 1112 sni
651 1066 752 1113 merita.

130 1163 247 1214 Saoouna
259 1171 414 1211 oasnnvarro
434 1171 586 1210 nocuimus.
594 1184 627 1195 -
637 1159 719 1223 Elegit
730 1174 776 1210 noe
790 1167 820 1210 at
831 1159 911 1210 emus
922 1156 1005 1208 sones·
1012 1177 1022 1206 .·
1037 1159 1063 1206 et
1077 1159 1161 1204 tamen

99 1231 131 1282 de
144 1232 210 1283 iacto
218 1229 294 1279 multi
305 1231 343 1278 sic
354 1227 387 1278 ad
396 1229 555 1277 sanctitatem
566 1228 593 1276 in
605 1227 792 1278 christianismo
804 1229 877 1278 eiecti
893 1230 918 1276 et
928 1227 1014 1276 vocati
1023 1263 1030 1288 ,
1040 1237 1094 1276 uon
1105 1223 1161 1273 sunt

99 1303 197 1351 sancti:
214 1299 267 1350 imo
278 1298 354 1348 multi
368 1297 548 1360 Ephesiorum,
562 1308 626 1358 quos
638 1299 676 1347 sic
691 1297 783 1348 eiectos
793 1301 866 1349 vocat
876 1295 1025 1359 Apostolus,
1043 1307 1097 1346 aon
1108 1292 1160 1343 iue-

99 1375 161 1422 runt
170 1371 261 1422 sancti.

34 1432 37 1436 ’
129 1440 195 1500 iirgo
207 1438 262 1488 hec
272 1435 361 1486 eiectio
372 1439 457 1485 nostra
474 1447 526 1484 non
538 1441 575 1485 est
586 1435 697 1486 absoluta
709 1474 716 1497 ,
728 1437 772 1487 sed
783 1436 971 1496 conditionata3
982 1434 1127 1493 nimirum,
1140 1431 1159 1482 si

99 1507 208 1558 velimus
226 1508 387 1566 consentire,
403 1510 429 1554 et
444 1508 572 1569 cooperari
591 1509 677 1568 gratie
693 1507 746 1558 Dei.

130 1577 249 1626 Absoluta
260 1576 363 1637 quidem
377 1578 414 1625 est
426 1588 456 1624 ex
468 1579 539 1637 parte
556 1573 618 1638 hei,
633 1579 678 1638 qni
694 1577 726 1626 ob
741 1578 808 1627 banc
822 1575 990 1636 electionem,
1009 1575 1054 1625 dat
1071 1574 1159 1635 gratias

99 1647 172 1697 nohis
183 1647 356 1706 necessarias,
371 1648 400 1694 ut
412 1647 493 1694 simus
509 1646 663 1707 sanct13sed
678 1658 776 1709 semper
793 1646 913 1708 supponit
926 1648 1041 1694 noeram
1057 1641 1158 1695 liberam

99 1718 184 1778 gratie
196 1717 408 1780 cooperationem.

129 1814 227 1864 Tauria
239 1824 394 1865 cassaniam
408 1824 561 1865 noousmcs.
569 1840 601 1851 -
610 1813 691 1876 iile'pit
703 1827 749 1862 nos
760 1817 789 1863 ot
801 1825 907 1862 essemus
916 1811 1027 1861 succe...
1035 1807 1158 1872 medet-

96 1885 168 1944 nuoit
178 1898 224 1933 nos
232 1884 260 1933 in
268 1883 432 1945 adoptionem
435 1882 559 1945 liliorum.
572 1883 637 1932 Eone
647 1883 697 1944 qnb
705 1881 786 1932 tendit
794 1885 819 1931 et
830 1877 918 1931 eiectio
930 1885 955 1930 et
965 1877 1156 1942 praedestinatio,

98 1953 130 2003 de
140 1967 190 2016 qua
203 1953 247 2004 bio
260 1954 312 2014 agit
324 1951 354 2001 b.
366 1950 477 2013 Paulus;
498 1965 542 2002 scu
558 1951 617 2002 linis
634 1953 762 2015 proximus
780 1950 908 2002 electionis
922 1953 1016 1999 nostre
1032 1968 1039 1998 ι
1056 1951 1156 2009 utraque

97 2025 180 2073 tondit
191 2023 223 2073 ad
234 2025 409 2082 sanctitatem,
425 2021 459 2071 ad
469 2020 617 2072 dilationem
627 2059 634 2084 ,
645 2034 690 2086 per
703 2023 828 2084 gratiam5
841 2023 931 2071 neutra
946 2019 981 2069 ad
995 2018 1104 2082 gloriam
1114 2018 1156 2069 irn-

97 2093 216 2144 mediate.

127 2162 180 2211 lioo
193 2174 223 2211 ex
235 2162 348 2223 ipsismet
359 2160 469 2224 apostoli
484 2161 565 2211 verbis
578 2164 655 2224 patet.

128 2229 180 2278 iioc
199 2233 276 2278 etiam
294 2233 362 2290 patet
380 2243 410 2278 ex
426 2229 537 2290 epistole
551 2232 727 2292 inscriptione,
748 2241 804 2293 que
819 2233 858 2280 est
877 2231 973 2280 sanctis
989 2233 1015 2279 et
1029 2227 1155 2287 ildeiibus3

98 2309 150 2347 non
161 2297 222 2347 verb
233 2297 265 2346 ad
277 2297 382 2358 gloriam
394 2297 488 2347 electis.

128 2367 179 2416 iioc
195 2366 304 2427 denique
315 2370 383 2428 patet
394 2379 424 2415 ex
436 2370 488 2416 toto
501 2368 611 2431 epistole
630 2371 765 2430 contextu,
779 2371 807 2418 ln
826 2381 876 2430 qua
886 2368 916 2418 b.
935 2368 1030 2419 Paulus
1043 2367 1157 2431 Ephesios

97 2436 171 2483 rooat
182 2433 273 2483 eiectos
285 2438 311 2482 et
321 2434 518 2496 predestinatos.

128 2501 188 2562 Quis
197 2504 282 2551 autem
294 2508 388 2552 asserat
398 2515 429 2552 ex
438 2503 554 2565 Ephesiis
565 2503 666 2554 nullum
676 2505 752 2556 inisse
763 2505 912 2555 damnatum
922 2509 935 2555 i
945 2508 1004 2568 quis
1014 2509 1087 2568 putet
1097 2503 1156 2569 qudd

96 2570 229 2632 Apostolus
240 2584 327 2621 omues
338 2572 458 2634 Ephesios
469 2572 577 2621 voluerit
588 2573 619 2622 de
631 2587 675 2622 sua
689 2577 872 2636 perseverantia
883 2612 890 2636 ,
902 2577 927 2624 et
938 2579 1121 2637 consequenter
1130 2572 1156 2622 dc

97 2653 143 2689 sna
156 2641 253 2701 salute,
266 2645 346 2690 certos
362 2645 387 2690 et
402 2654 504 2691 securos
514 2641 618 2691 reddere
627 2645 639 2690 Ρ
647 2655 785 2704 eorumque
796 2643 909 2693 futuram
920 2643 1028 2705 gloriam
1045 2643 1156 2692 omnibus

96 2708 196 2769 publice
208 2709 338 2758 revelaret
818 2746 822 2753 .

127 2777 213 2839 itaque
227 2779 256 2827 b.
268 2776 361 2826 Paulus
371 2777 414 2828 blo
424 2791 476 2828 non
487 2780 538 2839 agit
554 2778 584 2828 de
596 2780 776 2840 questionibus
787 2781 814 2828 ln
826 2779 912 2829 seboin
924 2793 996 2832 nuno
1008 2783 1108 2843 agitatis
1113 2801 1121 2843 ς
1129 2779 1155 2829 dc

96 2844 127 2892 iis
139 2848 201 2896 tuno
212 2859 246 2896 no
258 2845 412 2907 cogitabatur
423 2845 535 2907 quidem.

127 2913 174 2962 Sed
191 2918 242 2976 agit
253 2915 283 2964 de
296 2915 375 2976 gratia
386 2913 515 2963 electionis
526 2952 532 2975 ,
545 2914 788 2976 predestinationis,
800 2919 826 2964 et
837 2917 978 2966 vocationis
991 2917 1025 2966 ad
1036 2919 1139 2980 gratiam
1146 2949 1153 2975 ‚

96 2981 128 3029 nd
139 2987 309 3044 sanctitatem,
321 2983 353 3032 ad
367 2982 592 3033 christianismum.

127 3049 158 3097 Et
166 3051 215 3100 hoo
226 3065 325 3111 moneo,
334 3053 393 3112 quin
401 3051 474 3100 video
484 3051 613 3114 plerosque
621 3051 776 3103 scholasticis
785 3054 999 3117 disputationibus
1010 3060 1153 3120 preventus,

96 3119 181 3166 statim
200 3132 230 3169 ac
245 3119 375 3168 electionis
395 3124 470 3180 atque
493 3121 719 3183 predestinationis
736 3124 841 3170 nomina
859 3122 963 3185 legunt,
983 3137 1013 3175 ea
1031 3129 1085 3176 suis
1097 3125 1153 3176 ideis

96 3183 228 3247 adaptare;
240 3193 265 3237 et
277 3193 407 3251 propterea
420 3189 576 3250 scripturam
586 3194 711 3251 torquere.

127 3253 162 3302 Ne
172 3254 221 3303 iaie
232 3258 292 3318 quid
307 3259 354 3307 tibi
372 3260 515 3320 contingat,
527 3259 542 3307 a
555 3259 720 3320 presentibus
731 3261 913 3322 questionibus
923 3261 1061 3326 abstrahe;
1073 3265 1105 3315 ad
1115 3276 1152 3322 ea,

97 3316 129 3367 dc
141 3322 232 3382 quibus
247 3327 308 3374 tuno
319 3326 438 3386 agebatur
449 3362 456 3385 ,
468 3326 579 3375 adverte.

128 3388 183 3437 Seio
194 3391 309 3450 equidem
320 3399 345 3442 et
357 3393 436 3442 iaieor
446 3393 512 3454 qudd
526 3394 555 3443 b.
566 3394 671 3456 Paulus,
688 3409 764 3457 agens
777 3397 809 3446 de
820 3396 942 3447 electione
958 3404 984 3448 et
995 3401 1152 3463 predestina-

96 3459 165 3506 tione
178 3458 209 3506 ad
224 3463 345 3522 gratiam,
360 3468 539 3524 consequenter
550 3467 601 3525 agit
612 3465 642 3513 de
654 3465 775 3516 electione
791 3471 815 3516 et
828 3467 1052 3528 predestinatione
1062 3471 1094 3520 nd
1106 3470 1152 3532 gie

97 3528 310 3587 riam,quatenus
329 3543 391 3591 quos
407 3532 438 3580 ad
457 3535 563 3592 gratiam
574 3534 753 3583 christianismi
771 3536 932 3597 predestinat
949 3540 976 3586 et
991 3543 1065 3590 vocnt
1076 3539 1150 3595 Deus,

97 3595 239 3645 annalium
252 3597 283 3645 nd
298 3597 374 3653 linem
387 3600 512 3659 destinat,
526 3602 602 3661 quam
615 3601 647 3650 ad
660 3603 764 3662 gloriam
775 3624 783 3664 ;

128 3663 261 3712 sedetiam
275 3666 326 3713 scio
338 3665 404 3725 quod
416 3679 468 3715 non
488 3672 524 3716 ost
540 3681 641 3718 necesse
662 3675 798 3731 utrumque
813 3672 902 3721 eodem
921 3674 998 3723 modo
1015 3674 1113 3738 disponi
1128 3676 1149 3720 et

97 3732 223 3792 ordinari;
237 3734 273 3781 lta
286 3737 315 3781 ut
326 3732 358 3781 nd
370 3734 474 3794 gloriam
488 3739 513 3783 et
525 3736 557 3785 ad
569 3740 675 3798 gratiam
688 3752 738 3788 nna
751 3743 784 3788 sit
797 3743 960 3801 perveniendi
973 3745 1049 3794 ratio.

128 3798 198 3858 Quod
212 3804 297 3849 ianren
310 3800 384 3850 multi
403 3801 494 3851 harum
508 3808 674 3864 questionum
692 3806 859 3871 disputatores
876 3809 997 3859 videniur
1008 3812 1080 3873 quusi
1091 3821 1147 3860 cou-

98 3875 194 3916 eossum
209 3880 357 3930 supponere.

127 3928 252 3993 Quidquid
268 3937 316 3996 sit,
331 3935 384 3985 heo
402 3938 429 3986 in
443 3941 573 3999 utramque
586 3947 683 4002 partem
693 3942 848 3994 scholasticis
859 3945 975 4008 relinquo
988 3943 1142 4011 disputabilis
