2512 4424
99 282 120 335 o
263 261 450 334 snonnna
468 280 675 334 norsronn
696 277 999 333 socomnruxos

97 372 172 424 Pater
184 375 222 423 est
237 373 339 424 Domini
361 375 442 424 nostri
465 373 525 424 iesu
546 374 653 434 Christi,
671 376 696 421 et
717 373 828 427 llomiui
848 375 938 428 nostri
960 377 1026 429 lesu
1041 367 1160 435 caini,

97 442 156 492 ideo
173 443 201 490 in
216 455 263 491 nos
282 443 355 492 Pater
370 441 470 492 summi
488 444 649 501 misericors,
671 445 697 490 et
718 453 799 503 patei·
827 450 1099 514 misericordiarum,
1132 451 1162 502 ei

97 510 165 561 ΜΒ
175 515 259 561 ⁰¹¹¹¹¹¹⁸
275 525 341 562 '⁰¹ae
358 517 434 573 ³¹4⁰ss
454 511 570 576 ΝΜ
580 511 696 562 mlh·
717 530 791 580 lleus
801 529 886 580 totius
897 525 1106 580 consolationis.

97 581 175 628 tionis
190 578 246 628 tons
261 582 394 627 manetur.

129 647 177 708 our
202 661 249 697 nos
277 649 305 696 in
330 649 400 696 omns
424 645 587 696 omnesaue
610 651 696 696 natm
751 639 780 687 ⁴·
800 636 852 698 Qui
875 637 1034 688 consolatur
1054 647 1109 686 nos
1132 632 1163 685 in

99 717 257 777 consolatur,
268 716 360 766 adhoc
374 720 402 764 ut
415 719 440 764 et
455 717 559 778 nosipsi
573 719 697 778 possimus
718 712 795 764 omni
815 712 991 781 tribulatione
1003 717 1114 774 nostra,
1131 714 1164 762 ut

99 801 142 839 eos
157 791 297 850 consolari,
313 792 357 851 riui
370 791 397 837 in
417 800 568 850 quacunque
578 792 638 837 sunt
649 801 697 838 an-
718 790 857 856 possimus
865 795 892 842 et
898 789 952 855 ipsi
960 784 1099 842 consolari
1110 800 1164 841 eos

99 859 194 918 8111111,
212 871 257 920 per
276 870 333 906 1111111
354 869 431 918 quam
450 857 466 904 1
485 856 535 904 ⁰0⁰
560 858 697 918 recipimus
719 866 813 932 quiin
834 865 910 918 omni
929 879 1060 931 pressura
1076 869 1162 927 sunt,

100 929 314 991 consolationem,
324 928 396 978 illam
413 931 441 978 ln
458 927 611 977 afflictorum
621 929 696 978 corda
718 958 769 1010 ρει.
789 943 1026 1006 exhomiiiinem,
1040 941 1098 1009 qui
1112 953 1165 994 οχ-

100 997 271 1048 refundentes·
462 1027 466 1035 ·
578 1035 583 1048 ·
720 1021 865 1072 hortamur
883 1019 1082 1086 etipsiauco.

130 1171 197 1219 heus
209 1169 285 1219 totius
298 1166 490 1224 consolationis,
510 1165 537 1215 id
555 1169 592 1216 cst
600 1201 609 1227 ,
631 1169 714 1216 omnis
728 1181 794 1218 veras
810 1172 835 1218 et
852 1168 968 1232 periectas
984 1165 1166 1218 consolationis

101 1243 198 1288 auctor.

131 1308 196 1357 heus
209 1303 317 1355 estsere
333 1303 407 1352 Pater
417 1302 605 1352 misericordie.
617 1303 699 1363 Quare
708 1307 721 1353 i·
731 1307 790 1365 onia
804 1306 835 1354 de
846 1318 892 1355 sno
904 1307 1003 1365 honus,
1016 1307 1165 1355 misericor·

101 1375 170 1425 diam
189 1377 216 1424 in
233 1386 297 1432 nos,
312 1373 384 1432 quasi
398 1370 429 1418 dc
446 1373 500 1419 suis
512 1372 651 1420 visceribus
662 1372 785 1433 etlundit,
797 1378 822 1422 et
832 1376 938 1434 gratiam
949 1387 979 1422 ex
991 1375 1074 1434 scipso
1086 1374 1165 1435 parit.

132 1443 209 1492 Sechs
221 1445 259 1490 ost
275 1441 307 1489 de
320 1439 416 1487 ultione
431 1442 457 1486 et
465 1440 580 1499 justitia,
591 1452 648 1499 que
659 1452 690 1488 ex
707 1444 810 1500 nostro,
829 1441 856 1489 id
867 1446 923 1501 est,
936 1441 968 1490 dc
978 1444 1089 1502 peccatis
1103 1454 1165 1490 nos-
1184 1473 1187 1478 -

101 1513 148 1559 tris
161 1512 239 1558 sumit
252 1510 383 1568 originem.
400 1507 464 1554 ilinc
475 1506 541 1556 Deus
551 1519 604 1555 non
619 1507 713 1556 dicitur
723 1513 793 1569 pater
805 1508 926 1569 ultionis,
938 1515 1008 1571 pater
1017 1512 1133 1569 justitiae.

133 1579 198 1626 Deus
209 1581 246 1626 est
254 1583 328 1638 pater
337 1575 578 1624 misericordiarum.
586 1575 751 1636 Quarei’quia
764 1578 942 1627 misericordia
954 1577 1055 1626 Domini
1066 1578 1165 1638 multe,

103 1646 217 1695 intinitae.
228 1646 333 1694 lliseriae
350 1647 441 1692 nostre
459 1642 547 1691 multa
559 1644 679 1705 quidcm;
696 1648 724 1692 at
742 1646 921 1696 misericordie
932 1646 1032 1695 Domini
1046 1646 1165 1697 intinitae.

102 1716 167 1765 ilinc
180 1714 356 1785 misericordia
369 1712 539 1774 superexaltat
546 1710 684 1772 judicium.

133 1783 182 1832 Sed
196 1783 229 1832 ab
240 1781 357 1845 apostolo
373 1781 441 1830 disce
452 1779 521 1840 quod
533 1780 600 1829 Deus
618 1783 645 1830 in
660 1794 706 1830 nos
720 1785 754 1830 stt
763 1782 862 1832 summi
873 1784 1016 1832 misericors
1029 1789 1052 1832 et
1062 1785 1168 1833 misni

104 1854 250 1901 oordiarum
260 1856 347 1913 pater,
361 1851 490 1909 omitisma
506 1849 680 1898 consolationis
693 1852 759 1899 Deus
766 1867 776 1911 ;
794 1853 853 1912 qula
866 1852 932 1899 Deus
940 1858 962 1900 et
975 1852 1055 1901 Pater
1065 1860 1101 1901 cst
1113 1854 1168 1901 Do·

103 1923 168 1970 mini
184 1923 264 1970 nostri
276 1921 335 1968 Jesu
349 1919 458 1975 Christi,
471 1920 514 1978 qui
525 1931 571 1978 pro
584 1919 657 1967 nohis
668 1921 779 1968 moriens
794 1919 913 1982 lacrymis
925 1924 951 1968 et
960 1919 1070 1969 clamore
1081 1920 1168 1971 valido

104 1995 220 2054 precatus
234 1994 271 2038 est
281 1990 296 2037 a
307 1988 379 2036 Patre
389 1987 598 2036 misericordiam.

135 2060 199 2108 ilinc
218 2071 276 2118 ergo
291 2057 375 2115 disce,
388 2069 433 2118 per
451 2055 600 2115 Christum,
613 2058 638 2105 et
651 2055 682 2106 ob
695 2056 838 2116 Christum,
853 2069 898 2118 per
911 2055 1004 2106 Christi
1019 2056 1167 2120 lacrymas,

104 2142 149 2193 per
161 2129 255 2178 Christi
268 2128 415 2188 sanguinem
428 2138 473 2188 pro
484 2129 509 2174 te
521 2125 648 2186 ellusum,
664 2130 748 2188 petere
762 2127 969 2176 misericordiam.
988 2153 996 2171 r
1071 2153 1076 2164 ·

136 2214 160 2260 i.
177 2213 228 2269 Qui
247 2209 390 2259 consolatur
408 2222 493 2256 nos...
511 2207 555 2258 Cr.
576 2207 708 2258 eonscims
729 2221 785 2258 nos.
803 2208 944 2269 landetur,
960 2211 1084 2270 inquam,
1100 2212 1169 2262 Deus

106 2282 188 2331 omnis
201 2285 226 2328 et
238 2283 341 2340 integrm
360 2278 537 2327 consolationis
548 2266 651 2337 auctor,
665 2291 695 2327 eo
709 2278 777 2340 quod
787 2291 834 2328 nos
846 2281 985 2329 omnivori
996 2282 1169 2332 consolatione

106 2347 220 2398 cumulat
233 2350 261 2396 in
276 2345 393 2395 omnihus
406 2348 498 2394 nostris
513 2345 702 2396 afflictionibus.

138 2423 308 2483 vaporemus
325 2425 347 2468 et
359 2421 440 2480 ipsi...
452 2419 485 2468 ad
501 2419 551 2469 hoc
564 2424 593 2468 ut
608 2425 633 2469 et
650 2433 696 2470 nos
711 2422 759 2483 ipsi
772 2423 896 2483 possimus
911 2433 953 2470 cos
965 2421 1108 2485 consolari,
1123 2428 1169 2486 qui

106 2493 133 2540 in
149 2501 299 2551 quacunque
313 2492 374 2537 sunt
386 2490 511 2550 angustia.

136 2569 187 2617 Per
198 2567 408 2623 exhortationem,
421 2566 503 2625 idest,
514 2580 559 2628 per
568 2567 775 2617 consolationem.
784 2569 880 2617 Nomen
888 2568 1013 2630 Grecum,
1023 2569 1168 2630 παρακλήσις

107 2637 304 2684 exhortationem
320 2635 445 2696 significat
462 2639 487 2682 et
504 2636 709 2685 consolationem.
724 2637 788 2686 ilinc
801 2641 885 2686 noster
898 2639 1021 2700 interpres
1034 2640 1110 2687 vertit
1123 2651 1170 2687 ex-

106 2705 290 2763 hortationem,
302 2708 327 2752 et
339 2705 418 2763 bene,
434 2705 495 2764 quia
506 2704 642 2754 consolatio
657 2705 743 2754 divina
761 2710 799 2754 est
814 2713 839 2754 et
854 2706 1001 2755 exhortatio.

138 2774 168 2822 Ut
181 2775 306 2836 possimus
319 2785 375 2833 ergo
387 2785 550 2833 quoscunque
563 2773 670 2823 afflictos
681 2774 804 2823 consolari
821 2787 865 2836 per
875 2787 932 2823 eam
951 2772 1169 2838 consolationem,

107 2856 183 2905 quam
196 2845 211 2892 i
226 2842 276 2891 lico
291 2844 440 2904 recipimus,
453 2843 524 2891 illam
539 2842 635 2892 scilicet
652 2844 680 2890 in
695 2843 847 2915 alliiciorum
860 2837 935 2890 cox’da
948 2839 1121 2892 retundentes.

138 2918 295 2966 Onsrnmmo
316 2927 433 2964 uonmns.
445 2941 477 2951 -
494 2917 541 2965 iilo
561 2918 668 2974 mirare,
686 2915 768 2976 primo
788 2913 898 2975 Apostoll
914 2912 1100 2976 humilitatem,
1124 2923 1171 2980 qut

107 2987 171 3037 nihil
184 2987 230 3034 sibi
246 2986 260 3033 i
275 2985 341 3043 Deo,
361 2998 405 3046 pro
420 2987 552 3046 semetipso
564 2984 618 3032 deri
633 2987 721 3045 putat,
742 2982 785 3032 sed
804 2995 850 3043 pro
867 2981 942 3041 aliis;
959 2985 1052 3043 quique
1066 2994 1170 3048 propter

108 3057 185 3114 alios,
197 3055 276 3102 ileum
296 3055 344 3102 sihi
356 3054 452 3102 bonum
469 3057 495 3102 et
510 3051 690 3104 consolatorem
707 3063 761 3100 esse
774 3051 861 3100 credit.
880 3050 969 3100 Omnia
989 3064 1035 3100 sua
1048 3055 1125 3104 relert
1137 3058 1170 3106 ad

108 3122 225 3171 Ecclesia
242 3121 385 3169 utilitatem.

141 3191 229 3239 ltirare
247 3190 357 3239 secundi
369 3195 393 3238 et
404 3194 518 3238 sanctam
537 3187 645 3250 Apostoli
660 3191 741 3236 artem
749 3189 920 3249 ,promiserat
932 3187 1069 3238 Corinthiis
1080 3192 1113 3240 ad
1127 3206 1170 3244 eos

108 3273 135 3308 se
147 3264 298 3320 venturnm3
318 3265 342 3308 ot
355 3261 414 3319 quia
430 3257 528 3305 distulit
547 3257 712 3317 promissum,
726 3258 799 3305 timet
813 3270 844 3306 no
860 3263 990 3320 propterea
1002 3259 1103 3310 doleant
1119 3264 1170 3314 Co-

108 3329 213 3388 rinthii,
231 3331 301 3388 qnasi
317 3327 409 3376 tuerint
425 3325 482 3373 aliis
494 3325 526 3373 ah
545 3325 821 3387 Apostolopostposit13
835 3326 896 3376 hinc
912 3329 978 3376 miri
988 3333 1041 3377 arte
1061 3330 1105 3381 hio
1120 3334 1168 3383 sihi

108 3400 176 3446 viam
188 3402 259 3459 parat
269 3397 301 3445 ad
314 3394 480 3444 excusandam
496 3393 619 3442 adventus
634 3396 673 3443 sui
690 3407 798 3444 moram.

139 3466 266 3527 Siquidem
276 3461 419 3524 huiusmodi
431 3461 523 3509 divine
533 3461 616 3523 glorier
626 3461 769 3524 predicatio
777 3501 785 3524 ,
794 3467 949 3526 purgationis
958 3469 1013 3517 vIce
1028 3470 1098 3532 apud
1109 3483 1168 3521 eum

110 3539 176 3583 est...
188 3536 223 3582 ait
234 3533 263 3581 u.
275 3532 474 3592 chrysostomus.

141 3601 186 3649 Per
197 3601 264 3648 hanc
275 3601 344 3647 enim
353 3598 489 3657 gratiarum
500 3599 642 3658 actionem,
654 3598 750 3650 indicat
758 3601 826 3662 quod
836 3616 926 3665 magna
936 3604 1030 3654 luerint
1039 3607 1167 3668 pericula,

109 3681 165 3730 que
184 3671 267 3730 ipsum
287 3665 455 3723 inhibuerint,
467 3670 491 3712 et
504 3666 519 3713 a
530 3668 621 3727 quihus
632 3668 751 3719 liberatus
761 3709 768 3732 ‚
778 3675 869 3732 gratias
881 3676 939 3735 agii.
955 3675 1165 3737 Theophilactus.

139 3736 202 3784 ilinc
214 3737 298 3782 autem
310 3731 378 3779 disee
389 3731 457 3790 quod
466 3732 531 3782 heus
545 3741 645 3785 sanctos
660 3739 762 3799 quidem
776 3753 834 3790 suos
846 3755 895 3790 non
906 3755 1004 3804 semper
1015 3749 1165 3804 praeservat,

110 3809 155 3853 aut
165 3804 253 3851 liberat
264 3801 278 3848 i
291 3799 364 3847 malis
374 3820 381 3859 ;
393 3800 436 3848 scd
448 3814 490 3851 eos
504 3806 529 3852 ln
542 3807 593 3854 suis
606 3807 783 3858 afflictionibus
792 3823 890 3872 semper
905 3811 1062 3873 consolatur,
1078 3826 1165 3863 eorum

111 3871 186 3922 corda
196 3871 232 3917 sic
245 3871 313 3914 intus
325 3868 463 3918 roborando
476 3910 481 3926 .
497 3877 524 3920 ut
540 3879 564 3923 ot
579 3875 641 3925 alios
652 3880 698 3939 ipsi
710 3881 806 3941 possint
818 3879 965 3931 consolari..

142 3938 199 3987 ileo
212 3937 298 3984 omnia
311 3937 427 3998 exprimit
443 3939 586 4004 apostotos,
600 3943 700 4005 dicens,
715 3948 761 3998 aui
774 3947 916 3999 immolatur
930 3961 1004 3998 nos...
1020 3949 1074 4000 Non
1086 3951 1162 4012 dixit,
