2512 4424
151 254 188 312 32
313 255 497 313 SECUNDAE
515 255 721 313 EPISTOLAE
740 254 790 311 Ab
808 254 1049 312 CORINTHIOS

178 352 286 423 Spiritus
297 362 383 409 antem
397 359 505 410 Sanctus
522 358 578 410 lons
596 363 633 410 est
643 362 702 411 rita
720 361 746 409 ln
772 353 891 421 Spiritus
903 356 996 405 autem
1008 350 1139 402 viviticat.

147 424 265 477 cordibus
277 429 379 479 nastris.
785 482 789 490 ¹
1102 479 1108 491 ‚

174 497 246 559 ouon
259 498 280 547 st
298 502 384 548 tamen
404 501 575 548 ministerium
591 496 670 559 regis,
691 511 746 560 qua
805 481 951 545 nonnosi
962 480 1129 532 ministratio
1139 491 1213 531 mor·

147 570 255 615 mortem
273 567 392 617 causabat
402 605 409 628 ,
420 570 464 617 sed
479 581 535 630 quae
552 568 629 627 digito
648 568 691 617 lici
704 569 743 616 ln·
770 560 817 622 tis,
827 557 1088 613 litteris'deiormata
1101 556 1129 608 in
1140 554 1212 625 lapi-

146 634 244 698 sculpta
255 639 309 685 erat
322 637 349 684 ln
359 636 502 699 lapidibus,
520 638 555 685 ita
564 635 642 697 bloysl
654 636 746 697 glorio·
769 637 867 700 dibus,
880 637 931 689 init
950 637 979 688 in
1000 636 1086 702 gloria
1100 651 1108 686 ε
1120 634 1160 686 ita
1179 639 1211 686 ut

146 713 204 751 Elim
220 701 285 762 fuit,
302 706 331 752 ut
343 702 388 752 filii
405 703 480 752 lsrael
493 716 545 753 11011
558 702 671 752 valerent
690 704 746 754 fixis
769 730 826 768 non
848 720 962 782 possent
987 713 1133 766 intendere
1161 710 1212 764 fiffi

146 769 226 819 oculis
240 772 333 821 intueri
346 770 436 842 taciem
448 774 516 832 ejus,
530 775 630 853 propter
641 772 744 834 gloriam
769 795 852 846 ysrael
865 795 892 845 in
906 792 1004 845 faciem
1012 791 1114 858 Moysi,
1125 803 1211 856 prop-

146 838 233 890 vultis
243 839 328 900 lilius,
341 839 400 890 licet
409 842 580 891 transitoriam
585 858 596 902 ς
768 877 810 923 *er
826 871 941 937 gloriam
953 869 1045 922 pupas
1057 866 1132 935 ejus,
1145 879 1209 936 quan

768 952 915 1000 evacuatur
928 963 937 999 ἴ

176 1137 288 1199 Spiritus
307 1141 391 1184 autern
404 1134 538 1196 vivifican·
550 1135 609 1194 aula
623 1132 772 1183 charitatem
786 1133 904 1184 dliiundit
917 1135 945 1184 ln
960 1132 1078 1194 cordibus
1094 1135 1205 1183 nostris:

145 1204 254 1256 charitas
274 1209 360 1255 antem
378 1207 416 1252 est
430 1206 522 1253 aalma
538 1206 600 1253 vita.

173 1274 235 1324 Nota
244 1273 287 1322 bic
300 1271 460 1322 collationem
473 1271 617 1335 Evangelici
630 1273 766 1322 micisterll
778 1284 837 1321 cum
849 1271 966 1332 blosalco,
978 1273 1003 1320 ct
1013 1272 1087 1321 istius
1094 1283 1145 1334 prae
1158 1271 1207 1322 1100

144 1343 325 1394 excellentiam.

174 1412 258 1462 Solam
274 1411 385 1460 litteram
398 1409 492 1460 luteis
512 1409 581 1460 dedit
595 1411 700 1473 Moyses.

174 1481 296 1544 Spiritum
310 1479 432 1530 Sanctum
448 1479 597 1529 Christianis
614 1480 736 1529 dederunt
748 1480 868 1542 Apostoli.

173 1548 341 1599 ministerium
353 1560 411 1609 ergo
422 1547 559 1597 llosaicum
572 1548 621 1597 iuli
631 1546 720 1598 litterae
732 1549 869 1599 occidentis
874 1569 882 1610 ;
899 1549 1064 1612 apostolicum
1082 1551 1143 1601 verb
1158 1553 1206 1601 ml-

143 1619 276 1668 nlsterIum
288 1621 325 1666 est
338 1616 440 1679 spiritus
450 1617 612 1666 vivificantis.

173 1685 317 1750 Spiritualis
328 1686 430 1747 quidem
441 1690 494 1736 erat
506 1686 562 1746 lex,
575 1685 617 1736 sed
629 1688 746 1750 spiritum
756 1700 808 1738 uon
819 1687 957 1750 praebebat,
969 1692 1101 1739 nonenim
1111 1690 1205 1752 Moyses

143 1758 276 1821 spiritum,
295 1756 339 1806 sed
352 1757 448 1805 litteras
463 1756 567 1805 attulit:
583 1761 725 1820 utcontra,
742 1758 790 1808 hoc
801 1762 893 1808 nastrae
903 1758 960 1808 ildei
972 1763 1138 1810 commissum
1152 1767 1204 1823 est,

143 1830 172 1876 ut
186 1828 302 1889 spiritum
314 1824 403 1873 demus
417 1843 423 1872 ε
438 1824 467 1873 b.
481 1824 682 1886 chrysostomus.

174 1911 221 1958 Lea
232 1909 296 1958 bano
305 1913 353 1966 ert,
368 1907 412 1957 sed
425 1909 452 1956 in
472 1907 572 1955 tantdm
588 1906 671 1968 bona,
686 1912 715 1957 nt
727 1908 794 1958 bona
805 1908 890 1969 iubeat
901 1929 909 1971 ;
921 1912 999 1971 gratia
1010 1915 1096 1960 autem
1108 1915 1136 1962 ln
1146 1917 1204 1963 tun-

48 1986 50 1993 ’
142 1977 197 2029 tim
216 1977 301 2037 bona,
318 1980 347 2026 nt
361 1976 427 2025 bona
442 1976 573 2026 conteratr
591 1976 620 2026 b.
637 1975 700 2041 stag.
711 1975 756 2027 lib.
768 1980 799 2038 2,
815 1990 871 2041 cap.
888 1981 917 2039 t,
932 1982 1019 2028 contra
1031 1980 1204 2045 adversarium

142 2045 217 2110 legis,
229 2047 321 2095 citatur
331 2044 346 2093 l
359 2043 510 2094 Fromondo.

117 2146 119 2151 ’
171 2139 201 2184 7..
214 2132 285 2192 Qadd
295 2133 319 2181 ri
331 2133 484 2182 mirtistrotia
495 2135 624 2185 martin...

171 2203 209 2253 lix
220 2201 331 2250 indicato
343 2201 489 2251 discrimine
500 2203 593 2266 colligit
603 2200 787 2266 precellentem
798 2202 935 2268 evangelici
943 2205 1077 2257 ministerii
1087 2206 1202 2272 gloriam,

140 2285 192 2337 pras
207 2272 284 2334 gloria
297 2273 397 2321 Mosatci
412 2275 555 2323 ministerii.

171 2341 248 2402 idque
258 2344 346 2390 contra
358 2340 579 2403 pseudoapostolos
590 2379 597 2402 ,
608 2343 652 2402 aul
664 2340 839 2403 tarataram,
855 2344 948 2404 quique
959 2342 1019 2405 legis
1030 2344 1146 2395 llosaicae
1157 2347 1203 2396 ml·

140 2413 273 2460 nisterium
289 2411 336 2459 sibi
350 2415 508 2472 arrogantes,
522 2410 583 2473 legis
594 2411 765 2460 observantias
775 2410 991 2474 depraedicabant,
1004 2418 1029 2460 et
1042 2413 1202 2465 Judaismum

142 2494 200 2530 cum
213 2480 347 2542 Evangelio
360 2482 466 2530 miscere
478 2478 605 2530 volebant.

170 2550 242 2600 'iales
258 2552 386 2600 ministros
399 2550 442 2598 blo
456 2549 554 2611 singula
566 2549 676 2612 Apostoli
693 2550 767 2599 verba
780 2549 925 2611 deprimunt
933 2569 941 2611 ς
957 2551 1087 2602 ministros
1101 2552 1201 2620 littere,

139 2621 269 2670 ministros
281 2621 386 2678 mortis,
399 2622 529 2670 ministros
545 2621 731 2677 damnationis,
746 2621 832 2669 dicens
846 2632 853 2667 t

174 2706 247 2765 Qadd
258 2707 280 2755 si
291 2707 462 2764 ministratio,
477 2718 521 2755 seu
535 2707 706 2754 ministerium
720 2701 840 2762 διακονία,
854 2704 955 2762 martis,
970 2678 1060 2766 idest,
1072 2705 1134 2768 legis
1146 2714 1200 2769 quo

140 2780 246 2823 mortem
259 2773 449 2823 occasionaliter
466 2773 603 2834 causabar,
621 2777 648 2821 nt
663 2773 759 2822 dictum
778 2777 831 2831 est,
848 2785 922 2821 versa
933 2773 1099 2833 precedente.

171 2859 268 2906 litteris
281 2857 422 2918 deformato
438 2857 466 2905 in
480 2857 626 2918 lapidibus,
640 2855 666 2903 id
682 2859 738 2914 est,
754 2868 810 2915 qaae
826 2854 902 2915 digito
916 2855 958 2903 bei
973 2855 1081 2905 formata
1093 2860 1200 2921 scripta.

139 2933 191 2977 erat
203 2930 229 2977 in
241 2927 383 2989 lapidibus,
395 2939 440 2975 seu
454 2925 547 2974 tabulis
560 2926 717 2972 marmoreis.

169 2997 211 3046 Gr.
226 2996 301 3061 panib
313 2995 395 3045 aliter.
412 2995 438 3044 Si
454 2995 514 3044 rard
527 2994 678 3042 ministratio
689 2994 778 3041 mortIs
789 2994 816 3041 ln
828 2993 934 3054 litteris,
947 2994 1083 3046 informata
1094 2999 1122 3046 ln
1137 2997 1200 3061 lapi·

138 3064 229 3124 dibus,
251 3064 276 3114 ld
298 3067 354 3123 est,
370 3067 392 3112 sl
412 3065 565 3112 ministratio
584 3062 672 3120 littera
693 3062 844 3123 occidentis,
863 3075 907 3111 seu
927 3063 986 3124 legis
1007 3067 1125 3128 scriptae,
1145 3078 1200 3129 qum

139 3138 245 3182 mortem
262 3133 396 3192 causabar,
413 3139 462 3181 etc.
474 3132 628 3181 constructio
639 3131 741 3191 quidem
755 3132 830 3193 paulo
841 3132 956 3193 diversa,
968 3133 1090 3184 sedidem
1102 3149 1199 3187 sensus.

169 3216 228 3264 Fuit
243 3216 271 3263 in
289 3213 389 3276 picria,
407 3214 441 3262 lta
458 3212 506 3261 tuit
520 3212 598 3273 Moysi
614 3211 735 3273 gloriosa,

137 3296 270 3414 ¹1¹¹lllltgplii
288 3293 367 3343 lsrael
383 3307 433 3342 non
443 3299 543 3357 possent
560 3295 696 3352 intendere,
716 3293 742 3342 ld
759 3297 811 3355 est,
831 3294 886 3344 lixis
904 3294 984 3345 oculis
998 3297 1093 3345 intueri
1108 3298 1199 3348 faciem

168 3447 277 3564 ἕξομεν
292 3442 417 3507 ylariarn,
432 3443 458 3493 td
476 3447 527 3505 est,
542 3447 643 3508 propter
660 3445 788 3494 radiorum
804 3444 971 3508 splendorem.
987 3445 1050 3495 Vide
1061 3447 1140 3497 Exod.
1159 3451 1196 3499 tt.

137 3528 164 3566 a.
210 3548 217 3563 .

170 3598 230 3656 Qaoe
240 3599 386 3644 eoaanatnr.
398 3594 440 3644 Gr.
452 3593 614 3656 abolendam,
627 3595 734 3646 retertur
750 3596 780 3645 ad
793 3594 897 3656 gloriam
908 3633 915 3656 ,
928 3595 1019 3657 idest,
1032 3601 1134 3660 propter
1148 3597 1196 3660 glo

135 3667 200 3718 riam
211 3664 296 3714 vairos
307 3702 314 3724 ,
327 3666 396 3725 eius,
409 3664 466 3713 licet
477 3666 666 3724 transitoriam,
683 3667 749 3714 sicut
758 3664 796 3712 lex
809 3667 879 3726 ipsa,
898 3677 953 3725 quae
969 3668 1023 3725 jam
1043 3671 1080 3716 est
1093 3667 1194 3716 abolita.

166 3733 251 3794 ltaque
269 3735 289 3781 sl
310 3735 479 3781 ministerium
500 3733 559 3794 legis
581 3733 733 3793 occidentis,
752 3733 817 3795 quod
839 3735 989 3782 consistebat
1012 3737 1039 3783 in
1060 3735 1195 3785 alienandis

136 3804 225 3853 litteris
236 3840 242 3862 ,
255 3802 332 3864 digito
346 3802 388 3851 bei
401 3802 513 3852 formatis
524 3805 551 3852 ln
564 3802 657 3852 tabulis
671 3802 791 3864 lapideis,
803 3803 837 3850 ita
849 3801 896 3850 init
908 3803 985 3865 Moysi
998 3804 1152 3866 gloriosum,
1167 3807 1196 3852 ut

50 3908 52 3914 .
135 3870 251 3922 israelita
263 3883 312 3919 non
323 3876 423 3932 possent
435 3872 546 3920 immotis
559 3869 640 3920 oanis
652 3871 745 3920 intueri
755 3869 855 3926 vultum
868 3872 938 3933 eius,
951 3876 1053 3936 propter
1063 3873 1198 3923 radiorum

134 3939 292 4003 emendarem
303 3942 494 4000 transitoriumr
