2512 4424
345 262 510 317 rtttrtttx
528 267 748 323 nxh081r10.
770 270 852 323 CAP.
871 272 913 325 11.
1105 272 1159 326 285

392 412 398 428 t

94 443 1157 487 munuum·oeconomomnmmm'mnunmomeuumn

247 618 504 702 ANALYSIS
533 623 741 706 CAPlTlS
770 625 1017 708 SECUNDI.

94 902 194 1021 Quos
210 951 238 1004 in
253 965 355 1020 genere
367 953 435 1005 dixit
447 967 508 1021 cap.
520 959 533 1007 1
549 994 557 1021 ,
572 957 599 1023 p.
612 959 663 1021 19,
677 956 712 1009 de
725 956 859 1022 spirituali
876 956 999 1010 fidelium
1014 973 1156 1014 resurrec-

94 1037 171 1090 tione
181 1034 253 1090 lacta
266 1050 317 1103 per
332 1037 485 1103 potentiam
496 1052 553 1091 non
566 1038 721 1092 absimilem
733 1041 759 1092 ei
775 1040 907 1106 potentiae
919 1055 1004 1107 quam
1015 1041 1042 1094 in
1055 1043 1155 1096 Christi

94 1119 302 1175 resurrectione
321 1122 394 1173 Deus
406 1120 544 1186 exhibuit;
558 1121 612 1175 hoc
624 1123 767 1188 speciatim
775 1122 1156 1191 Ephesiorumjustillcationi

93 1203 224 1269 applicat.

129 1285 267 1352 Ephesios
282 1299 348 1353 ergo
367 1285 488 1352 primum
506 1287 668 1354 inpeccatis
683 1293 826 1353 mortuos,
840 1288 867 1356 i.
885 1293 900 1340 1
915 1294 943 1342 et
959 1292 993 1354 h,
1010 1290 1154 1360 depingite

93 1373 123 1421 et
134 1381 172 1421 ne
182 1368 243 1422 haec
255 1368 353 1421 odiosa
368 1369 517 1438 descriptio
529 1370 663 1438 Ephesios
675 1370 792 1438 gentiles
803 1371 886 1424 nimis
900 1379 1008 1438 gravet,
1024 1375 1156 1442 spiritua-

92 1452 150 1505 lem
160 1451 233 1504 hanc
253 1452 416 1518 inpeccatis
433 1459 567 1520 mortem,
581 1460 609 1507 et
622 1454 740 1520 rudeis,
753 1458 781 1506 et
796 1453 913 1521 sibiipsi
930 1457 1014 1510 Paulo
1028 1471 1156 1511 commu-

92 1551 160 1590 nem
172 1535 257 1588 luisse
268 1535 354 1600 dicit,
368 1535 395 1603 y.
408 1539 435 1588 5.

129 1619 188 1672 litto
200 1619 295 1686 itaque
306 1618 440 1684 spirituali
453 1624 542 1672 morte
557 1620 714 1687 supposita,

128 1703 157 1770 y.
171 1705 199 1754 l.
225 1701 337 1754 Accedit
361 1702 397 1755 od
420 1715 518 1754 eorum
538 1703 709 1769 spiritualem
732 1706 964 1759 resurrectionem
987 1721 1072 1774 quam
1092 1722 1157 1762 cum

91 1785 195 1856 Christi
207 1783 328 1852 gloriosa
342 1785 547 1838 resurrectione
567 1777 752 1852 comparans,
766 1789 824 1840 ait:
840 1787 903 1842 Nos
920 1788 1070 1859 dpeccelis
1081 1805 1156 1843 mor-

92 1875 159 1922 tuos
173 1864 384 1936 coucivificcot't
395 1865 426 1920 in
443 1864 575 1932 Christo,
591 1871 617 1920 ct
628 1868 880 1938 conresuscitavit,
894 1875 919 1924 ct
930 1871 1074 1925 consedere
1092 1869 1156 1940 fecit

91 1948 320 2017 incolentibus,
334 1950 361 2018 i.
382 1952 417 2014 5,
436 1952 463 2003 6.

126 2037 168 2088 Ne
181 2039 275 2107 autern
289 2032 443 2100 quidquam
461 2033 514 2087 hac
525 2033 555 2086 in
565 2047 596 2088 re
608 2034 662 2087 sibi
673 2040 803 2104 arrogent
815 2035 938 2103 Ephesii,
949 2036 1000 2089 sod
1018 2043 1049 2090 ut
1068 2043 1156 2091 totam

92 2121 150 2172 lieo
163 2118 279 2185 gloriam
291 2116 427 2181 reserant3

128 2202 156 2269 y.
172 2205 199 2254 l.
213 2204 305 2254 ltonet
317 2214 366 2253 eos
378 2201 455 2267 qubd
467 2201 539 2254 hano
552 2201 668 2268 gratiam
688 2200 742 2253 illis
756 2204 829 2255 Deus
841 2203 973 2268 contulit,
985 2203 1022 2256 od
1036 2204 1155 2256 suumin

94 2299 143 2340 eos
160 2283 361 2351 benignitatem
378 2282 590 2348 declarandam,
604 2289 635 2336 ut
646 2283 711 2336 inde
733 2285 910 2352 glorificetur.

94 2456 145 2504 est.
160 2450 187 2519 i.
201 2453 228 2503 9.
241 2451 302 2502 Νοιι
314 2463 348 2503 ex
365 2462 483 2515 operum
502 2450 613 2502 merito.
630 2451 690 2503 Non
703 2457 745 2503 est
759 2464 825 2518 ergo
839 2451 915 2519 quod
929 2453 992 2518 quis
1003 2453 1153 2520 glorietur:

93 2534 120 2602 i.
131 2538 178 2588 10.
193 2533 242 2586 Ilei
254 2533 329 2586 enim
347 2532 509 2598 figmentum
522 2538 632 2599 etopus
647 2546 752 2587 sumus.

127 2619 167 2671 Ne
186 2616 252 2669 verb
265 2619 429 2683 segnescant
443 2620 507 2681 post
518 2621 625 2668 tantum
639 2615 806 2669 beneficium
821 2621 979 2682 acceptum,
993 2623 1089 2670 monet
1107 2631 1156 2669 eos

95 2701 129 2754 ad
141 2699 222 2768 quod
233 2698 288 2752 sint
299 2697 472 2764 resuscitati,
486 2711 537 2753 seu
550 2698 644 2753 denud
655 2698 757 2763 creati,
771 2698 875 2752 scillcet
886 2698 922 2751 ad
934 2703 1028 2751 sancta
1043 2704 1071 2751 et
1081 2698 1157 2752 bona

95 2798 180 2853 opera
194 2781 359 2836 exercenda.

126 2868 155 2935 y.
171 2870 218 2919 11.
234 2869 365 2919 Hortatur
380 2870 412 2918 ut
428 2870 511 2918 tentae
530 2865 624 2932 gratie
643 2879 693 2932 per
708 2864 846 2918 Christum
864 2871 985 2933 acceptae
999 2877 1154 2931 memores,

95 2950 149 3004 duo
162 2961 274 3014 semper
288 2947 409 3001 habeant
427 2961 485 3015 prae
502 2948 611 3002 oculis:
1008 3005 1014 3013 „

125 3032 200 3096 Quid
212 3030 315 3083 suerint
327 3047 334 3083 ε
348 3031 485 3096 Gentiles,
498 3031 558 3084 sine
571 3032 695 3097 Christo,
708 3032 767 3085 sine
783 3031 838 3084 ulla
850 3045 914 3085 oum
933 3031 1098 3097 populo‘ltel
1110 3043 1157 3083 so-

93 3117 209 3177 cietate,
222 3113 282 3166 sine
296 3116 368 3177 Deo,
381 3127 466 3180 quem
477 3115 520 3166 vel
530 3128 587 3167 non
600 3116 770 3178 noscebant,
786 3115 830 3166 vel
842 3128 897 3167 non
908 3113 1051 3178 colebant,
1067 3113 1095 3180 i.
1107 3115 1142 3166 te

124 3199 200 3264 Quid
212 3199 267 3252 sint
278 3211 329 3264 per
343 3197 458 3266 gratiam
468 3197 567 3250 Christi
577 3238 585 3261 ,
596 3198 746 3266 propinqui
756 3201 812 3250 lieo
824 3237 832 3261 ,
844 3195 951 3250 Christo
961 3234 970 3260 ,
980 3197 1084 3263 populo
1095 3197 1144 3250 liei

113 3288 179 3339 .15.
600 3326 604 3334 .
785 3307 787 3312 ·

92 3285 109 3353 y
124 3368 154 3436 ir.
169 3368 215 3418 tlt.
230 3363 353 3430 Explicat
372 3364 515 3433 quomodo
528 3364 653 3417 Christus
672 3376 783 3415 murum
794 3355 916 3415 Gentiles
928 3361 944 3412 d
955 3361 1058 3415 Judaels
1077 3376 1169 3429 sepas

86 3456 217 3511 tantem,
231 3445 398 3497 destruxerit
410 3445 439 3497 in
456 3460 538 3501 cruce
548 3485 556 3512 ,
568 3451 600 3499 ut
612 3459 690 3499 suam
708 3444 859 3498 Ecclesiam
871 3457 906 3497 ex
918 3449 1039 3511 utroque
1052 3446 1156 3512 populo

87 3533 241 3593 conflaret,
253 3529 280 3596 il.
293 3530 344 3592 16,
358 3531 411 3593 ti,
426 3535 479 3582 etc.

125 3616 255 3680 hincque
274 3611 416 3663 concludit
431 3612 508 3679 qubd
528 3625 585 3664 non
602 3616 666 3663 sunt
680 3609 804 3676 hospites
821 3615 849 3662 et
864 3610 996 3674 advenae,
1010 3611 1060 3664 sed
1075 3623 1157 3663 sono-

85 3703 185 3752 lorum
197 3696 271 3748 cives
287 3698 315 3745 et
334 3693 477 3746 domestici
491 3694 554 3757 Dei,
573 3698 801 3758 componuntque
814 3685 940 3745 mirabile
958 3706 991 3745 ac
1010 3691 1156 3758 mysticum

86 3774 339 3846 temptamusque
358 3776 522 3828 secundaria
537 3775 717 3827 fundamenta
733 3779 798 3827 sunt
816 3775 939 3841 Apostoli
951 3782 978 3825 ot
995 3772 1153 3837 Prophetoe;

87 3865 216 3918 christus
235 3864 329 3912 autem
349 3859 420 3925 lapis
436 3859 594 3926 angularis;
612 3869 788 3929 unoquaeque
807 3858 872 3912 rerd
890 3856 981 3909 anima
999 3851 1153 3916 christiani,

88 3945 284 4000 habitaculum
