2512 4424
114 218 166 270 290
404 216 606 269 EPISTOLAE
626 219 674 268 AD
693 217 883 270 EPHESIOS

113 307 284 357 manifestaret
302 309 480 358 exuberantem
498 308 710 369 magnificentiam
735 310 845 364 divitias
857 311 951 377 gratiss
969 324 1044 372 suae,
1058 309 1087 363 in
1098 307 1175 362 boni-

112 389 185 425 suam
195 412 201 435 ,
210 389 254 437 per
264 377 443 437 benignitatem
453 390 529 437 quam
541 388 598 436 erga
610 389 655 455 nos
666 378 712 424 im·
735 394 789 443 pape
796 403 937 455 supernos
945 389 974 441 111
981 388 1091 442 Chrisw
1097 390 1172 442 κω,

113 444 199 506 pendit
210 456 254 504 per
264 442 350 493 lesum
360 442 489 491 Christum
499 462 507 503 3
516 446 593 503 utque
602 479 609 502 ,
617 455 646 491 ea
657 456 710 491 ma·

113 512 244 571 attestata,
259 513 318 562 inde
332 511 494 573 glorificetur.

142 582 270 643 siquidem
284 582 363 631 divini
377 581 491 632 beneficii
507 581 601 631 auxilio
616 580 710 642 tustifl-
767 581 793 631 8.
802 578 893 630 Graiid
906 577 980 630 enim
1000 577 1067 630 estis
1080 574 1171 628 salvati

113 654 162 700 cati
174 654 234 701 estis
245 665 289 715 per
300 652 393 711 fldem;
732 669 782 721 per
796 655 877 708 fldem
888 672 897 719 ς

141 738 173 786 lit
186 737 247 796 boc,
265 737 360 799 quddp
376 751 388 786 r
404 737 479 786 tidem
493 737 622 797 justificati
636 739 708 795 sitis,
732 738 759 784 et
768 732 822 784 hoc
832 746 890 784 non
899 744 932 784 er
940 730 1032 795 vobis,
1039 730 1089 783 liei
1098 729 1171 782 enim

110 808 135 852 et
147 803 264 853 inchoate
282 803 370 853 salvati
380 839 387 863 ,
399 816 451 852 non
464 816 494 851 ex
510 805 596 863 vobis,
609 803 707 852 sedbel
731 807 836 860 donum
849 812 900 860 est,

109 871 205 921 donum
217 875 271 921 est:
284 875 338 935 ipsa
346 874 415 921 enlm
424 871 486 921 tides
495 873 537 920 bel
552 872 656 921 donum.

139 940 185 989 Per
196 939 272 989 tidem
282 978 289 998 ‚
301 943 406 1001 inquam
416 977 423 1000 ,
434 953 485 989 non
497 953 527 989 er
544 941 661 1002 operibus
676 940 707 989 ti-
766 940 793 989 9.
806 937 867 989 Non
879 936 1070 1002 exoperibus,

108 1007 167 1058 dam
184 1009 381 1071 precedentibus
394 1009 500 1069 salvati,
515 1021 559 1058 seu
577 1008 706 1069 justificati

108 1078 184 1136 estin

125 1145 173 1195 ·Ne
191 1147 249 1206 quis
270 1144 390 1207 glorietur
409 1147 480 1206 quasi
502 1157 548 1195 suo
576 1145 660 1195 labore
681 1148 707 1194 et
729 1148 760 1196 ut
772 1157 808 1196 ne
819 1144 882 1211 quis
893 1143 1036 1211 glorietur.

108 1224 182 1274 opere
190 1215 314 1272 justitiam
326 1213 396 1262 illam
406 1213 511 1274 adeptus
525 1215 566 1262 sit.

137 1281 191 1330 Non
199 1284 237 1328 est
247 1278 397 1340 igiturqudd
406 1281 433 1326 ln
442 1278 491 1327 hoc'
500 1279 539 1327 vel
550 1282 574 1327 in
587 1283 705 1342 quopiam
762 1286 806 1336 10,
821 1283 911 1349 Ipsius
922 1283 998 1335 enim
1010 1296 1108 1335 sumus
1118 1282 1165 1334 fao·

106 1347 156 1398 alio
170 1347 322 1410 gloriemur,
337 1348 417 1409 lpsIus
434 1349 503 1395 enim
517 1346 665 1407 figmentum
681 1351 706 1395 et
728 1365 806 1414 pum:

107 1420 290 1477 opussumus·;

105 1608 148 1667 qni
169 1605 314 1668 intelligunt
327 1611 427 1669 tempus
449 1611 504 1670 post
526 1609 737 1657 resurrectionem
755 1605 886 1664 futurum,
903 1604 947 1654 sed
962 1604 1049 1666 potiris
1067 1604 1164 1654 aterni-

104 1678 197 1736 tatem,
217 1675 261 1724 ubi
280 1675 461 1737 perfectissime
484 1675 652 1726 declarabitur
672 1673 818 1735 magnitudo
837 1674 922 1733 gratia
939 1673 983 1721 Dei
999 1691 1006 1720 ι
1022 1672 1092 1734 quod
1111 1671 1164 1721 licet

104 1755 194 1793 verum
206 1745 252 1806 slt,
263 1745 406 1808 apostolica
414 1748 501 1795 tamen
515 1747 596 1794 menti
610 1744 763 1794 conformior
773 1742 873 1790 ridetur
883 1753 971 1790 sensus
983 1743 1011 1790 in
1020 1739 1163 1804 paraphrasi

87 1869 88 1874 ἵ
105 1823 244 1873 expressus.

134 1879 202 1928 Finis
223 1881 384 1941 benignitatis
405 1880 464 1941 Del,
480 1881 531 1942 qud
555 1893 602 1930 nos
620 1879 728 1930 redemit
738 1877 921 1939 fructificant,
944 1879 1161 1936 conresuscitavit,

103 1947 238 1996 consedere
253 1947 385 1998 lecticam
401 1948 515 2008 Christo,
529 1952 567 1997 est
583 1952 613 1996 ut
627 1948 687 1996 inde
704 1946 822 1996 laudetur
837 1948 863 1994 et
877 1943 1033 2006 gloritlcetur
1048 1946 1064 1994 a
1077 1946 1161 2004 nobis;

103 2021 128 2064 et
138 2016 168 2064 de
179 2016 228 2065 hoc
244 2029 290 2065 nos
305 2016 393 2066 rursds
411 2021 497 2065 monet
512 2015 653 2078 Apostolus.

132 2083 168 2132 tle
181 2096 239 2144 ergo
251 2086 341 2146 ingrati
355 2097 444 2134 sumus
456 2104 463 2133 ε
476 2087 578 2142 Laude,
591 2086 680 2134 aalma
695 2096 764 2142 meo,
781 2083 917 2133 Dominum
927 2103 936 2131 .-
947 2081 1062 2133 ieodobo
1078 2083 1161 2133 Beati·

104 2165 166 2200 cam
177 2154 204 2200 ic
219 2155 272 2200 otte
290 2166 375 2202 mee...

133 2243 157 2288 8.
174 2239 261 2288 Grotid
283 2241 348 2287 enim
366 2241 424 2288 estis
441 2240 564 2290 salvati...

132 2307 232 2355 lustitia
244 2311 281 2355 est
292 2307 359 2356 selus
370 2308 487 2358 inchoata
498 2347 504 2370 ,
517 2312 583 2358 sicut
599 2307 667 2357 salus
680 2307 789 2371 perfecte
800 2308 898 2368 justitia
914 2311 952 2357 est
967 2312 1157 2360 consummatur

102 2374 163 2423 hlnc
171 2374 320 2435 justificatos
333 2380 406 2424 vocat
417 2377 539 2438 salvatos,
549 2376 666 2425 inchoate
679 2375 783 2424 scilicet.

131 2458 164 2505 Et
176 2456 221 2505 boc
231 2470 281 2506 aon
297 2471 326 2506 ee
342 2459 429 2516 cobis,
443 2459 490 2506 Dei
504 2459 570 2507 onim
586 2459 679 2507 docum
692 2463 735 2506 esf.

131 2541 198 2598 Hoc,
214 2541 266 2588 sire
277 2539 344 2600 qudd
360 2539 497 2599 iustificati
511 2542 583 2598 estis,
600 2540 666 2599 sive,
685 2539 743 2596 boc,
758 2539 824 2600 qudd
837 2539 917 2600 gratld
937 2539 1029 2591 salvati
1048 2545 1107 2593 estls
1119 2555 1159 2604 per

100 2607 188 2667 ridere,
200 2609 246 2656 Dei
261 2609 353 2656 docum
369 2615 403 2656 cst
412 2626 421 2668 ;
432 2612 491 2668 quia
504 2608 566 2656 tides
577 2607 764 2666 justificationis
779 2621 809 2656 ac
827 2608 915 2656 salutis
933 2615 1028 2660 nostrae
1045 2613 1157 2669 initium,

99 2688 151 2724 non
163 2681 200 2725 est
209 2689 239 2724 ex
249 2677 336 2736 nobis,
347 2677 391 2725 sed
402 2679 448 2726 Dei
463 2679 556 2726 docum
569 2681 617 2736 est;
629 2675 717 2724 calleo
732 2679 825 2738 quippe
837 2680 1027 2739 preveniente,
1041 2682 1157 2729 excitante

98 2755 128 2790 ac
141 2744 283 2792 roborante.

128 2811 182 2859 buo
204 2812 384 2862 consideranda
404 2816 464 2860 sunt
480 2815 506 2860 in
521 2811 589 2861 fides
607 2824 689 2860 unum
705 2823 735 2859 ex
748 2814 818 2872 parte
838 2811 880 2860 Dei
892 2848 898 2871 ,
909 2810 1028 2863 'alterurn
1048 2828 1078 2864 ex
1094 2820 1157 2878 parte

98 2883 182 2928 nostra
193 2899 200 2939 ;
211 2881 292 2940 primd
308 2883 377 2928 enlm
392 2879 472 2940 Deus,
487 2879 595 2940 gratuita
610 2881 656 2928 sud
669 2879 835 2927 illustratione
850 2890 897 2926 nos
913 2884 1040 2940 praevenit
1054 2902 1060 2931 s
1074 2882 1157 2932 deinde

97 2958 144 2994 nos
154 2949 237 3007 gratiae
246 2949 367 3007 preventi
378 2950 529 2995 assentimur
539 2965 546 3005 ;
558 2949 594 2994 sic
607 2951 692 2994 autern
706 2948 876 3005 assentimur,
889 2950 933 3004 ut,
947 2950 996 2996 nisi
1012 2953 1092 3009 gratia
1101 2961 1157 3013 prae·

97 3015 181 3124 vessnti,
199 3016 312 3129 excssafi’
326 3029 357 3064 ac
370 3015 496 3076 roborati,
513 3027 563 3062 non
579 3016 768 3063 assentiremur.
785 3015 871 3074 ltaque
888 3020 975 3064 nostra
988 3016 1053 3068 fides
1066 3027 1091 3068 et
1106 3022 1156 3079 'grs-

97 3080 116 3125 tl
136 3082 228 3128 catice
265 3094 303 3133 eo.

127 3167 152 3213 9.
166 3167 221 3214 Noc
235 3181 264 3215 ec
275 3170 422 3231 operibus...
437 3182 488 3217 non
500 3167 567 3228 qudd
578 3181 629 3216 non
646 3167 772 3217 salvemur
785 3181 829 3230 per
842 3181 931 3231 opera,
945 3172 990 3221 sed
1006 3175 1075 3234 quod
1088 3185 1154 3224 nemo

97 3231 206 3282 salvetur
217 3237 265 3284 nisi
280 3250 323 3298 per
338 3250 411 3298 opera
423 3250 453 3285 er
466 3237 515 3285 tide
528 3242 553 3284 et
567 3239 592 3284 in
605 3236 652 3284 ilde
665 3235 740 3287 facta.

127 3301 212 3361 ltaque
227 3318 275 3351 noa
291 3320 318 3353 ec
335 3306 470 3366 operibus,
482 3308 536 3354 sinc
550 3305 598 3353 ilde
614 3309 638 3353 et
653 3311 712 3353 ante
727 3304 819 3354 fldem:
833 3309 917 3355 omnis
930 3311 1027 3373 quippe
1042 3315 1122 3361 virtus
1134 3314 1154 3358 et

97 3379 171 3416 omne
184 3381 246 3429 opus
256 3371 351 3421 bonum
362 3374 417 3422 siue
428 3371 476 3421 fide
490 3375 566 3420 inane
577 3373 677 3421 tantdm
690 3385 784 3421 nomen
800 3376 850 3435 est,
863 3378 888 3422 et
898 3377 1003 3427 virtutis
1014 3387 1090 3441 atque
1102 3377 1153 3429 boni

96 3438 177 3496 operis
191 3439 363 3507 simulacrum.
728 3493 731 3498 ,

126 3504 197 3584 ¹Fides
208 3507 281 3556 datur
292 3515 351 3557 ante
364 3520 439 3557 omne
451 3522 553 3571 prorsus
566 3511 702 3569 meritum,
715 3513 740 3558 et
753 3511 806 3572 ipsa
819 3514 856 3560 est
872 3515 958 3562 omnis
971 3519 1058 3565 meriti
1071 3517 1152 3566 tonsol

95 3584 164 3633 ongo
177 3577 267 3636 prima.

125 3640 275 3691 sicutenim
288 3644 302 3689 a
313 3642 396 3690 radice
416 3647 499 3693 omnis
514 3645 610 3695 fructus
626 3646 722 3694 arboris
732 3667 740 3707 ;
752 3650 776 3694 ct
791 3647 857 3695 sicut
871 3648 884 3696 d
897 3648 967 3699 fonte
984 3654 1107 3714 quidquid
1120 3655 1151 3702 est

95 3713 121 3754 ln
137 3719 243 3757 numine
257 3732 264 3757 a
278 3711 342 3758 cled
357 3710 405 3757 frde
418 3724 491 3759 omne
507 3712 601 3761 bonum
618 3726 695 3775 opus,
709 3727 784 3763 omne
800 3717 920 3764 meritum
932 3756 939 3778 ,
952 3723 1005 3768 tota
1022 3723 1098 3771 salus.

128 3797 164 3842 ft).
180 3796 263 3853 ipsius
280 3797 345 3842 enim
363 3810 451 3843 scimus
462 3797 570 3856 sectura.
587 3799 733 3849 Ambrosius
748 3800 907 3861 figmentum.
920 3805 977 3865 Syr.
990 3820 1052 3857 nam
1069 3817 1148 3857 sumus
1202 3850 1204 3857 .

96 3866 211 3917 creatura
224 3861 300 3911 illius.
315 3861 426 3924 AEtlriop.
440 3865 497 3923 quia
509 3877 571 3926 opus
582 3869 635 3923 ejus
647 3882 743 3918 sumus.
760 3871 835 3920 drab.
850 3872 982 3934 opitiorum
994 3912 1001 3937 ‚
