2512 4424
251 213 425 269 unirillx
443 218 670 274 axiosi'iio.
690 221 771 275 CAP.
791 223 875 275 viil.
901 234 926 283 ,·
1059 225 1095 277 89

68 309 94 362 7.
124 305 181 363 Sed
205 307 278 363 elcut
296 309 327 363 in
344 311 475 365 omnibus
528 312 582 364 imo
598 317 627 363 ut
641 316 708 364 sicat
728 317 755 364 la
771 314 889 365 omnibus
904 312 977 364 deuia
992 314 1095 366 excelli·

34 381 180 438 abundatis
194 384 262 451 nde,
281 391 309 438 et
329 400 472 454 sermone,
496 383 545 441 tis,
566 383 594 431 ln
618 381 677 431 ildei
699 382 785 442 dono,
801 385 830 432 ia
851 383 917 432 dono
935 381 1095 443 linguarum.

33 468 59 516 01
77 455 258 528 „epenfifflt
278 464 355 518 omni
373 465 475 518 3011501.
496 449 562 499 dono
580 453 707 511 scientiae,
728 451 794 501 dono
812 451 946 513 diligentia
966 453 994 499 iu
1012 451 1094 503 admi·

33 539 140 605 tudine,
153 539 272 607 insuper
292 546 321 594 et
341 541 474 596 charitate
496 508 1096 652 ffssffl‘s'fls’:lffiooihffilfflfiuffldeorgffl
1122 534 1131 555 Ι·

32 615 121 670 vestra
137 615 169 668 in
192 630 263 680 nos,
277 622 309 671 ut
329 620 358 670 et
372 616 402 669 in
420 617 474 671 bac
495 657 591 705 eximii.

31 694 118 760 gratia
131 692 292 747 abundetis.

21 816 25 823 .
62 774 90 825 8.
118 773 181 824 lton
213 771 295 838 quasi
333 770 473 839 imperans
526 782 581 833 non
603 781 629 832 lo
653 783 725 832 vonis
748 785 885 846 praolplo,
907 783 951 834 aaa
974 797 1020 847 per
1041 784 1093 835 lie

18 850 92 920 ,dieo
108 849 180 904 :aed
201 863 252 916 per
263 849 381 903 aliorum
398 849 474 902 soili-
495 852 620 902 nerianum
642 851 799 914 dulgentiam
823 857 849 901 el
868 852 1006 914 fervorem,
1028 853 1092 903 cha-

30 925 287 990 cacodaemonem
299 925 473 978 reetroeeha-
496 923 577 971 ritalia
592 925 682 971 vestra
697 923 885 981 sinceritatem,
902 928 928 971 et
940 922 1034 972 bonam
1049 925 1091 972 in·
1135 970 1143 987 ,

28 1000 276 1068 ritatialngenium
284 1000 390 1055 bonum
399 1016 473 1055 com.
495 991 578 1041 dolem
586 991 642 1041 ailla
651 991 781 1054 probatam
792 996 817 1042 et
828 990 1093 1054 exploratamreddera

494 1059 560 1111 roio.

29 1080 193 1212 waslare
205 1157 280 1210 enlm
288 1157 405 1223 gratiam
414 1160 471 1211 Do·
525 1162 701 1212 Recordamini
723 1161 859 1212 bomlauur
867 1212 874 1223 ,
882 1161 969 1212 losum
985 1179 993 1211 a
1014 1165 1093 1212 nuella

29 1233 98 1287 mini
106 1235 197 1287 nostri
205 1236 271 1288 iesu
282 1234 392 1299 christi,
404 1249 473 1301 quo.
494 1232 563 1280 enim
588 1231 707 1279 eximiam
729 1228 797 1280 iliius
820 1231 849 1279 la
872 1243 918 1280 nos
941 1231 1049 1291 gratiam
1069 1235 1094 1279 el
1179 1276 1184 1288 ,

29 1308 104 1363 niam
114 1314 231 1377 propter
241 1324 292 1363 vos
304 1325 407 1378 egenus
416 1313 473 1366 τω.
495 1298 660 1359 charitatem,
674 1299 718 1361 qul
738 1298 806 1349 diver
820 1301 944 1360 exlatena,
960 1301 989 1348 ut
1009 1298 1093 1358 Deua;

30 1391 74 1440 tus
86 1391 145 1452 ων,
164 1385 230 1440 „pm
249 1394 325 1443 emt
337 1389 429 1457 dives,
442 1397 473 1444 ut
494 1370 594 1431 propter
604 1378 649 1417 voa
659 1368 687 1416 in
697 1370 826 1431 assumpta
838 1370 928 1418 natura
940 1378 1034 1430 egenus
1044 1365 1094 1417 iae-

57 1589 142 1656 Quam
152 1590 251 1642 scilicet
266 1593 362 1642 ceterla
372 1594 463 1642 restria
476 1591 613 1642 virtutibus
629 1591 736 1643 addatla.

57 1683 84 1732 7.
91 1679 143 1731 Sed
148 1679 216 1730 sicul
224 1678 253 1728 a'n
262 1679 406 1730 omnibus...
415 1678 522 1730 laudans
531 1678 664 1730 hortatur:
675 1678 726 1729 lmo
736 1682 773 1741 ul,
780 1682 846 1732 sicet
855 1681 883 1732 ἰτι
893 1681 1008 1733 omnibus
1018 1681 1093 1733 rebus

31 1747 168 1800 obtrudat&
175 1764 185 1809 ,·
196 1749 224 1797 in
235 1747 298 1810 fide,
307 1747 357 1809 qul
366 1747 467 1797 abunde
479 1748 571 1797 imbuti
581 1749 658 1808 estia;
670 1747 808 1798 indicendi
825 1749 1017 1811 incultamque
1027 1760 1092 1812 prae-

31 1817 136 1879 eeilitia;
146 1819 177 1867 in
189 1817 388 1867 selemia-rerum
395 1816 555 1878 diuinarum3
567 1819 592 1865 et
602 1816 630 1865 in
643 1818 711 1866 omni
720 1817 896 1877 sollicitatione,
906 1821 975 1868 eirea
985 1818 1092 1869 fratrum

31 1885 138 1936 alutem
145 1904 155 1947 l
165 1885 271 1947 a'rnnper
286 1888 311 1934 et
321 1886 349 1934 in
360 1886 453 1934 eximia
465 1896 524 1946 erga
537 1895 584 1934 nos
599 1884 730 1935 charitate.

58 1955 101 2005 Sle
112 1957 139 2004 et
155 1955 183 2004 ln
198 1953 249 2003 boc
262 1954 329 2004 dono
337 1972 346 2016 ς
355 1953 469 2016 seilicet,
482 1955 511 2005 ln
524 1952 567 2004 illa
576 1950 657 2019 gratia
670 1953 865 2018 eleemosynaria
877 1953 1002 2006 excellatla
1011 1992 1018 2017 ,
1027 1954 1092 2006 llbe-

31 2023 115 2076 taliter
126 2027 152 2074 et
162 2022 279 2088 prompto
289 2021 427 2086 largiendo.
1099 2039 1102 2045 ·

59 2109 83 2158 l.
95 2106 154 2158 Nan
166 2106 244 2168 quoae·
255 2105 383 2168 imperans
399 2107 484 2158 dico...
494 2107 537 2158 Gr.
549 2118 602 2157 non
616 2105 757 2157 seeundum
768 2107 903 2170 tmperium
913 2104 970 2156 dieo
979 2143 987 2168 ,
997 2106 1024 2157 ld
1037 2110 1090 2168 oet,

32 2187 80 2227 non
91 2176 214 2239 praecipio
224 2174 311 2236 vebia,
327 2187 375 2225 nec
392 2180 449 2225 ulor
460 2178 518 2237 iure
531 2188 581 2238 quo
594 2187 706 2238 possum.

60 2251 110 2307 Sed
127 2262 176 2312 per
190 2248 318 2308 eumn,
333 2248 443 2310 scilieet,
457 2249 622 2299 Macedonum
634 2249 827 2301 sollicitudinem
839 2253 864 2300 et
876 2248 1050 2312 diligentiam,
1064 2250 1091 2299 ln
1143 2308 1151 2316 ,

33 2319 114 2370 dando
128 2321 155 2368 et
178 2315 317 2379 colligendo
333 2318 520 2382 eleemosynas,
530 2331 607 2381 quam
624 2322 741 2380 narravi,
752 2327 837 2371 necne
856 2319 988 2370 charitatis
997 2319 1092 2369 bonam

33 2388 142 2440 indolem
151 2423 161 2450 ,
169 2391 196 2438 et
205 2388 345 2449 ingenitam
358 2387 567 2450 inclinationem,
579 2387 635 2438 ailla
645 2390 775 2453 probatam
789 2392 814 2439 et
824 2389 977 2453 exploratam
988 2386 1091 2440 reddere

32 2458 94 2509 roio.

61 2540 154 2591 Vectroe
171 2537 304 2590 charitato
319 2539 448 2602 laentum
464 2541 565 2591 bonam.
577 2540 620 2591 Gr.
632 2545 737 2601 γνήσιον,
747 2542 904 2604 ingenuum,
919 2541 945 2591 id
958 2545 1006 2604 eat,
1019 2543 1091 2605 inge-

33 2610 170 2670 nuitatem,
178 2610 380 2672 germanitatem,
388 2611 571 2672 sinceritatem,
579 2612 673 2662 bonam
684 2608 804 2661 indolem.
817 2612 995 2674 comprobant,
1006 2612 1033 2662 id
1044 2617 1090 2672 eal,

34 2679 199 2741 probatiorem
211 2680 236 2727 et
248 2677 423 2741 illigentiorem
434 2679 537 2729 reddere
550 2678 637 2729 uolens
648 2694 655 2729 r
666 2680 875 2742 Theopbyiaelua.
1065 2682 1068 2689 “

58 2748 157 2800 iaudat
167 2751 307 2812 ingenuum
318 2749 449 2800 ebarliatla
464 2752 590 2811 animum,
599 2762 643 2800 seu
657 2751 760 2812 genium
775 2749 941 2812 liberalitatis,
950 2752 980 2799 ut
991 2751 1089 2800 excitet.

58 2847 83 2896 9.
99 2845 179 2896 Scitis
190 2845 257 2895 enim
269 2845 412 2907 praciam...
424 2845 515 2894 excitat
525 2844 639 2908 exemplo
654 2845 785 2895 eharitatis
797 2843 900 2895 Gbriatl.

60 2919 135 2970 Scita'a
148 2919 270 2968 eximiam
281 2920 312 2967 ln
321 2930 367 2969 nos
380 2918 473 2974 chricti
482 2920 594 2981 protum
605 2923 630 2969 et
641 2919 800 2970 charitatem.

63 2994 192 3054 Quoniam
206 2991 264 3042 caim
274 2993 341 3042 diues
353 2998 427 3051 erret,
439 2993 578 3055 nimirum,
590 2995 711 3056 utilene,
725 2994 821 3045 habene
833 2994 950 3045 omnium
964 2993 1090 3044 benorum

36 3062 231 3125 plenitudinem,
246 3073 321 3112 ornae
335 3062 441 3112 bonum.

59 3134 139 3195 Nota,
153 3131 212 3182 edm
226 3132 293 3181 dioec
306 3138 378 3191 earet,
390 3145 442 3181 non
458 3132 518 3182 verb
534 3132 593 3183 edm
606 3132 702 3183 fuisset.
715 3134 758 3185 Gr.
772 3134 841 3184 dives
854 3136 970 3186 existens.

58 3201 115 3253 uait
127 3202 200 3252 enim
210 3212 308 3262 semper
324 3200 406 3260 diaes,
419 3203 448 3250 ut
457 3202 522 3250 Deua
534 3221 541 3250 ε
554 3206 725 3263 paupertatem
741 3207 852 3253 nostram
864 3215 1011 3265 assument,
1025 3204 1090 3254 dill-

37 3271 77 3322 llaa
94 3284 156 3322 suaa
176 3283 229 3320 non
244 3272 351 3320 amisit:
365 3270 427 3332 sed,
451 3276 480 3321 at
498 3273 536 3320 alt
552 3271 581 3321 il.
596 3271 766 3333 Augustinus,
784 3273 833 3323 luit
848 3274 918 3323 intua
931 3274 1018 3336 dives,
1029 3273 1090 3325 luda

38 3350 138 3404 pauper,
150 3339 232 3390 latens
245 3340 311 3389 Deus
321 3341 349 3388 in
360 3339 468 3401 divitiis,
477 3352 600 3403 apparens
615 3340 692 3390 bomo
708 3343 735 3390 in
750 3346 906 3405 paupertate.

59 3415 133 3465 Diues
145 3426 204 3476 ergo
214 3413 332 3473 abluta,
347 3416 374 3462 ut
388 3414 463 3464 Deus.

59 3489 169 3551 Propter
179 3500 225 3537 eor
238 3501 327 3550 coenae
343 3488 424 3550 factata
440 3493 484 3539 eet.
498 3487 542 3538 Gr.
556 3489 728 3551 mendicavit,
745 3492 781 3540 alt
792 3490 920 3542 Erasmus.
935 3491 1022 3542 Garait
1034 3506 1089 3544 om-

39 3557 104 3640 nibus
115 3557 192 3608 bunia
207 3557 401 3621 temporalibus,
413 3570 521 3620 quorum
531 3557 649 3608 dominus
665 3562 734 3620 erat,
748 3562 833 3622 utpote
846 3560 902 3610 eoett
917 3565 943 3611 et
955 3562 1089 3612 terrebo-

39 3635 138 3747 offla
154 3696 182 3745 ln
195 3694 308 3757 stabulo,
324 3696 352 3745 ln
362 3696 483 3758 prerepto
492 3697 588 3757 pontus
596 3697 655 3757 qula
664 3710 714 3747 non
723 3702 776 3749 erut
789 3699 813 3749 ei
824 3697 892 3750 locus
902 3700 929 3749 tn
940 3700 1086 3752 dicmorlo.

62 3763 152 3815 Vivens
163 3776 216 3813 nou
227 3764 318 3814 habuit
331 3763 374 3812 ubi
385 3767 461 3825 eaput
471 3762 614 3813 reclinaret.

64 3831 171 3884 liorlena
184 3832 287 3894 nudus,
298 3830 412 3897 sepultae
424 3833 451 3882 iu
462 3830 577 3895 sepulcro
587 3829 678 3884 alieno.

63 3899 94 3952 Et
105 3901 153 3951 hoe
168 3902 269 3964 quare?
915 3944 921 3951 .

135 3979 167 4026 u.
914 3963 950 4016 l*
