2512 4424
376 268 550 325 uhrvtux-
563 272 785 333 uxuosmu.
804 280 886 333 ctu.
905 281 927 332 1.
1127 280 1182 334 tto

120 354 229 414 daimuo
240 372 325 430 sopra
343 365 446 419 multos
461 374 564 421 oooeta-
585 381 661 434 supra
680 375 819 423 coetaneos
839 384 910 425 meos
928 370 1046 435 tudam,
1066 383 1180 436 propru-

119 446 190 488 usos
207 449 307 503 moos,
321 439 350 494 in
363 454 464 509 genere
480 458 560 511 meo,
584 452 657 501 sum3
674 440 770 492 scilieet
788 443 816 491 in
834 444 925 504 maiori
947 441 1009 505 legis
1027 444 1134 503 notitia,
1150 443 1179 493 iu

118 510 308 570 mundandus
326 519 470 574 emulator
491 523 563 576 exro-
585 510 674 570 1111111
685 509 793 570 1111111111
803 508 931 573 religiono
943 510 1043 571 anuo,
1055 513 1081 560 et
1097 511 1179 562 11111·

117 591 181 640 1011,
221 595 401 656 pam-„mm
436 607 561 650 mearum
584 576 690 627 dentiori
703 576 822 639 roioerga
836 576 979 629 doetrinam
997 581 1024 630 et
1036 578 1179 629 iuatltutat

117 664 312 720 traditionum·
583 645 721 704 maioribus
734 650 845 708 accepta.
880 673 885 683 .

151 747 198 798 ¹5.
211 744 280 800 (him
298 752 392 802 autem
412 749 515 816 placuit
535 751 560 806 ep
613 739 677 791 crim
690 745 776 793 autom
789 742 885 805 piaeuit
895 743 945 794 lieo
962 743 1026 795 iilud
1041 746 1069 794 in
1079 755 1122 795 me
1133 754 1178 794 su·

116 822 166 890 qui
184 837 232 877 me
250 826 403 894 segregavit
427 839 461 880 ex
479 833 560 882 utero
583 812 669 872 sequi,
682 810 715 861 ad
735 812 803 874 quod
822 824 864 863 me
879 824 909 862 ex
922 816 993 863 utero
1006 816 1095 864 matris
1113 824 1177 865 ms·

115 899 214 954 mltis
227 916 315 966 meae’
582 879 728 932 destinarat.

114 979 148 1031 Et
168 980 280 1033 vocavit
302 993 348 1034 me
373 994 424 1048 per
444 983 559 1050 granam
612 972 693 1033 Cim,
707 975 828 1036 inquam,
839 972 961 1036 singulari
972 973 1019 1023 sud
1033 975 1061 1024 io
1072 985 1114 1024 me
1130 973 1176 1024 hs-

115 1066 216 1124 mm
581 1040 737 1104 nevolenttt,
752 1057 793 1093 me
806 1047 868 1095 tune
881 1043 979 1094 hostem
993 1057 1085 1106 suum,
1098 1045 1177 1094 miu-

581 1110 712 1161 rieorditer
724 1115 833 1163 vocavit.
845 1112 902 1164 het.
915 1117 940 1164 9.
954 1115 978 1163 5.

148 1186 195 1238 16.
228 1186 263 1238 Ut
295 1187 428 1242 revolaret
458 1188 557 1244 Filium
610 1193 752 1259 vitrumque
783 1210 876 1260 suum,
905 1210 982 1260 quem
1010 1195 1175 1260 persequebar

114 1275 197 1316 tuum
212 1262 316 1329 inme,
580 1262 714 1326 ignorans,
738 1269 866 1327 cognitum
892 1266 957 1316 mihi
983 1265 1056 1327 feeit,
1078 1263 1175 1316 seveia-

579 1333 647 1382 tione
664 1333 750 1386 divind
767 1338 883 1385 animum
898 1334 1055 1395 illustrante,
1073 1336 1100 1383 et
1117 1331 1174 1385 tidei

578 1403 698 1462 mysteria
712 1401 833 1464 docente,

112 1460 394 1596 gzngvbalrgpeiizarem
419 1465 497 1520 iiium
525 1468 554 1521 in
609 1468 640 1518 Ut
653 1468 726 1520 ilium
738 1470 902 1535 predicarem
913 1469 1056 1522 Gentibus:

111 1578 324 1671 continuonon
337 1619 465 1688 acquievi
476 1623 553 1676 earni
606 1625 697 1674 Statim
714 1625 812 1673 etaim
831 1637 903 1675 mora
922 1625 996 1676 ilium
1016 1627 1110 1689 ubique
1125 1638 1173 1677 aa·

112 1702 139 1748 οι
149 1695 290 1763 sanguini.
371 1718 375 1723 ·
576 1695 709 1753 nuntiavi,
738 1693 883 1744 inconsulto
912 1695 1013 1745 mortaii
1042 1695 1171 1758 quolibet,

575 1762 843 1881 gflgdgfflturffiominis
852 1766 925 1826 capto
937 1764 1043 1814 oonsilio
1053 1800 1062 1825 ,
1071 1768 1116 1814 aut
1127 1777 1173 1814 au-

144 1898 190 1949 tr.
207 1896 306 1963 Neque
324 1895 389 1950 veui
410 1896 551 1966 ierosoiy-
605 1899 690 1960 Neque
706 1899 806 1949 cuourrl
823 1897 1021 1963 lerosolymam,
1032 1903 1063 1949 ut
1081 1911 1173 1950 eonsu-

137 2096 230 2147 Prohat
238 2094 322 2159 primo
334 2099 477 2159 perseriem
487 2099 972 2162 vttaanteoonversionemdoeta,uo1
983 2099 1084 2150 aarum
1092 2099 1170 2161 abest,

108 2169 138 2216 ut
158 2177 316 2229 quemquam
331 2177 362 2216 ex
379 2165 503 2229 Apostoiis
523 2167 641 2219 hahuerit
657 2169 779 2222 doctrina
799 2181 852 2221 aare
869 2173 1035 2235 magistrum:
1055 2171 1171 2233 quinimo

108 2237 174 2286 iuter
184 2234 285 2286 Judaeos
296 2236 402 2297 insignis
418 2240 481 2298 erat,

136 2302 223 2354 Primo
234 2339 242 2364 ,
255 2302 302 2353 sut
315 2303 412 2354 erudeli
432 2306 458 2354 ia
476 2304 616 2357 iieelestam
631 2312 816 2371 perseeutione.
828 2310 916 2372 Supra
925 2311 1029 2360 modum
1039 2322 1171 2372 perm

108 2373 156 2424 dor
157 2408 207 2423 .....
219 2372 334 2423 intensus
350 2385 419 2423 eram
433 2373 513 2424 hostis
532 2375 666 2439 iioelesim,
677 2391 754 2440 quam
771 2379 933 2430 vehementer
954 2379 1136 2442 persequebar,
1146 2384 1172 2428 et

106 2443 183 2504 quam
195 2441 311 2491 funditus
321 2446 432 2493 evertere
445 2444 563 2494 ardenter
572 2446 715 2509 cupiebam.

135 2509 271 2570 meando,
283 2523 329 2560 suo
342 2511 369 2561 in
381 2512 483 2573 judaieo
498 2512 618 2575 reiigione
633 2529 708 2580 supra
722 2519 862 2568 ooetaneos
872 2514 971 2566 iudmos
984 2527 1132 2578 progresso,
1143 2518 1171 2564 in

105 2581 197 2640 majori
208 2581 300 2629 notitia
313 2579 538 2643 legis,et1udaiem
552 2583 681 2646 religionis
691 2585 784 2636 studio.
796 2589 828 2636 itt
842 2584 1047 2648 proficiebam...

134 2647 238 2709 Tertio,
249 2660 296 2698 suo
311 2649 448 2702 ardentiori
460 2651 512 2702 reio
525 2654 553 2702 in
564 2653 705 2704 doctrinam
716 2658 742 2705 et
750 2653 892 2704 instituted
907 2652 1047 2712 maioribus
1056 2655 1169 2714 accepta,

104 2714 280 2766 abundantiam
293 2716 454 2769 emulator...
466 2733 510 2770 seu
521 2756 529 2784 ,
540 2726 569 2772 ut
577 2722 614 2771 ait
622 2720 716 2783 Syrus,
727 2724 753 2770 et
764 2723 887 2782 majorem
899 2722 927 2768 in
939 2718 1046 2768 modum
1059 2718 1171 2768 aetaham

105 2783 250 2836 doctrinam
260 2788 363 2848 patrum
374 2798 499 2840 meorum.

131 2855 186 2906 iioe
201 2854 400 2906 vohisomaihus
412 2862 501 2910 notum
509 2863 557 2911 est.
568 2860 681 2912 Audhtis
693 2859 759 2910 esim
760 2893 809 2910 .....
815 2860 1045 2920 quantamounque
1056 2857 1090 2904 sit
1106 2857 1171 2905 inter

102 2920 228 2975 Galatiam
242 2928 269 2974 et
278 2923 436 2977 Palestinum
445 2928 751 2992 spatium,huiustumen
761 2928 959 2978 conversationis
969 2936 1128 2975 mearamor
1137 2925 1170 2973 ad

100 3005 146 3044 vos
159 3003 243 3054 usque
253 2994 377 3054 pervenit.
1160 3045 1163 3051 ,

130 3062 205 3112 'iuno
217 3072 293 3122 ergo,
307 3061 449 3125 utvtdetis,
459 3077 506 3116 neo
519 3065 663 3129 Apostolos,
674 3078 719 3116 neo
730 3065 793 3115 aiios
805 3062 981 3128 predicatores
991 3059 1169 3121 consulebam,

101 3136 193 3182 eontm
204 3142 270 3192 quos
280 3129 417 3182 ferventius
428 3134 628 3186 exardesoeham.

132 3222 173 3270 15.
190 3218 256 3270 caim
269 3223 354 3268 auum
362 3219 460 3282 placuit
473 3223 513 3282 ei,
525 3225 570 3286 pai
580 3237 620 3273 me
620 3258 669 3273 .....
679 3222 742 3271 i'ide
757 3218 942 3284 paraphrasim.

131 3310 171 3358 tt.
181 3307 213 3357 Ut
222 3304 345 3356 revelaret
355 3306 451 3358 Filium
464 3308 641 3360 auum...Vide
656 3307 840 3370 paraphrasim.

131 3398 171 3444 17.
184 3392 309 3445 mosoma·
318 3393 541 3457 lerosolymam...
552 3397 614 3446 Vide
627 3395 811 3457 paraphrasim.

128 3463 214 3526 Pergit
226 3465 255 3513 in
265 3462 394 3525 probanda
405 3467 480 3528 supra
491 3467 572 3528 posita
584 3467 690 3514 veritate
701 3475 745 3525 per
755 3463 815 3510 vitm
826 3471 879 3510 sum
887 3461 959 3523 ,post
969 3461 1167 3519 conversionem,

98 3533 229 3594 sequelam
241 3544 249 3581 z
260 3534 365 3581 vocatus
376 3533 444 3582 enim
455 3534 471 3583 a
481 3534 545 3592 Deo,
557 3534 643 3583 statim
657 3530 784 3589 obedivit,
798 3527 906 3588 docuit,
922 3526 1067 3589 predicavit
1082 3528 1165 3577 terum

97 3600 245 3660 Christum,
260 3597 355 3648 Filium
367 3597 427 3659 hei,
441 3600 512 3651 nuiio
521 3599 639 3662 apostolo
649 3633 657 3659 ,
668 3600 714 3646 aut
724 3595 776 3645 aito
788 3595 892 3646 doctore
907 3594 1044 3645 christiano
1054 3592 1166 3643 eoosuito

96 3675 141 3719 aut
152 3669 251 3720 audito.
642 3715 647 3722 Ι

128 3744 191 3794 Gatm
203 3739 477 3801 attemptandum,
491 3740 554 3791 iliud
567 3742 594 3788 iu
607 3750 650 3789 me
666 3738 768 3799 emeqat
781 3736 815 3786 ad
825 3735 894 3798 quod
904 3733 1040 3786 destinarat
1055 3743 1082 3783 aa
1095 3734 1165 3777 omo

97 3815 187 3864 mahta
199 3823 294 3862 mee...
307 3808 396 3858 alludit
408 3811 478 3860 adid
493 3809 560 3873 quod
576 3809 607 3858 de
617 3809 727 3859 tmemia
740 3804 946 3857 dloltur.terom.
957 3814 1012 3865 sup.
1026 3802 1047 3847 t.

127 3888 274 3939 Eteocaoit
284 3897 326 3933 me
340 3896 386 3946 per
396 3887 515 3947 pretium.
1167 3872 1173 3881 ⁴

126 3956 245 4021 iixplieat
256 3951 328 4005 idad
339 3952 407 4014 quod
417 3958 471 4005 erat
481 3952 638 4014 destinatas,
649 3949 722 4011 aussi
734 3948 833 4000 diseret
845 3957 854 3997 a
865 3942 943 4003 cam,
956 3942 1072 3997 totum,
1083 3932 1163 3992 ΒΜ.
