2512 4424
243 288 248 296 .
341 242 514 297 aniehux
531 245 755 301 EXPOSITIO.
776 248 857 302 CAP.
877 251 934 303 111.
1125 254 1160 307 35

94 333 212 388 reatfliii
224 336 537 404 lsraelinfaeiemey'us,
560 337 672 390 dientem
695 340 812 391 lsraehtn
830 342 965 404 defigerent
985 342 1088 408 oeulos;
1103 358 1159 409 qun

99 412 175 478 quod
185 420 357 480 evacuatur,
560 409 770 526 {ammirantes
784 409 1160 473 iaeieigioria,eitbtu1taho-

571 494 577 527 ι
589 491 613 526 a.

128 547 172 598 tt.
196 544 254 599 Sed
269 545 363 598 obtusi
384 551 450 599 sunt
471 560 538 600 sen·
590 546 642 596 iioe
655 545 770 596 velamen
784 548 811 596 in
824 545 888 598 faeie
900 547 991 611 Moysis
1001 547 1158 612 signiteabst

97 636 144 676 sus
154 637 272 686 eorum;
287 638 377 688 usque
386 624 414 676 in
423 624 537 677 bodies.
560 612 705 662 Judaeorum
714 617 807 664 mentis
818 618 972 676 oaeeitatem,
983 617 1028 677 qut
1039 619 1158 678 usquein

96 714 158 753 nam
175 701 252 754 enim
267 701 342 753 diem
359 700 479 768 idipsum
489 716 537 755 ve,
560 680 709 730 hodiernam
719 682 800 744 diem,
812 682 872 732 oum
883 687 956 732 retus
968 683 1157 735 Testamentum

98 778 183 833 lmen
220 779 251 832 in
280 779 401 832 lemme
437 781 537 832 veteris
560 751 661 812 legunt,
676 752 747 812 qussi
756 750 929 801 reloobteetns
939 756 1036 802 mentes
1045 751 1154 803 habent:

99 854 265 906 Testamenti
282 859 377 906 manet
389 867 444 906 non
459 869 538 908 mve-
560 833 611 870 non
624 819 767 881 intelligunt
778 819 844 880 quod
859 818 957 882 legunt,
967 821 1025 882 quia
1034 822 1061 869 in
1072 820 1156 872 Chris·

100 930 221 1000 latum(
318 932 324 943 ·
386 931 392 944 .
484 933 490 946 ,
559 894 615 938 tam
629 901 680 938 non
703 888 826 947 eredunt,
839 900 884 951 per
903 900 978 948 quem
998 887 1156 939 tolliturhoe

191 971 198 996 ‚
238 945 373 998 quomam
384 945 412 984 ra
429 933 536 987 cbristo
559 957 682 1008 velamen·

100 1015 244 1061 evacuatur
258 1026 264 1060 :
278 1007 288 1076 )

129 1088 171 1138 t5.
195 1085 253 1138 Sed
273 1098 363 1152 nsque
378 1086 407 1138 in
421 1087 534 1141 hodier-
590 1089 621 1138 Et
632 1092 659 1139 in
671 1088 742 1139 hune
754 1101 834 1151 usque
851 1087 918 1138 diem
929 1126 935 1149 ‚
948 1087 1008 1138 erim
1024 1087 1114 1150 legitur
1128 1089 1156 1139 tn

102 1177 162 1215 num
208 1164 301 1225 diem,
338 1161 402 1215 erim
436 1164 537 1232 legitur
559 1157 693 1218 synagogis
706 1158 818 1220 Moyses,
831 1159 942 1207 eaeeitate
951 1156 1074 1216 laborant,
1084 1158 1156 1218 quasi

103 1241 209 1307 myses,
220 1242 349 1293 velamen
363 1241 485 1308 msjyum
495 1248 537 1296 est
559 1225 674 1278 velamen
688 1237 763 1288 super
775 1239 818 1277 eor
830 1239 918 1276 eorum
934 1228 967 1276 sit
978 1228 1109 1287 iniectum.

105 1328 178 1383 super
189 1331 239 1371 eor
251 1332 359 1372 eorum.

132 1397 173 1446 16.
186 1394 254 1448 (jhm
271 1402 365 1450 aurem
386 1411 537 1451 conversus
590 1391 620 1441 ht
631 1390 690 1442 eum
701 1390 733 1440 ad
750 1390 886 1440 bominum
906 1392 1020 1441 conversi
1044 1390 1154 1452 tuerint,

107 1469 177 1524 tuerit
193 1473 230 1525 ad
247 1474 414 1541 nominum,
425 1476 536 1530 ansere.
558 1461 685 1512 auferetur
695 1460 773 1512 abeis
783 1460 832 1510 hoe
848 1459 972 1511 velamen.

109 1552 144 1598 tur
153 1550 283 1603 velamen.

134 1722 247 1772 Neutrum
258 1722 394 1785 viderunt,
411 1726 462 1775 imo
473 1740 520 1776 nee
534 1726 608 1776 hodio
618 1726 705 1777 vident
715 1727 828 1790 plerique
842 1727 921 1777 iudei
932 1747 940 1789 ;
951 1731 976 1778 et
986 1728 1035 1778 hoo
1048 1728 1153 1791 mystice

114 1791 250 1852 significabat
264 1792 382 1840 velamen
394 1807 467 1856 super
479 1795 567 1845 faeiem
582 1796 673 1857 Moysi,
687 1797 758 1856 Juxta
771 1797 856 1845 Patres
868 1809 970 1857 grecos.

136 1861 198 1912 iuxta
211 1866 324 1912 nostram
336 1861 467 1924 Vulgatam
478 1877 534 1927 qam
544 1865 653 1925 legium
669 1864 772 1927 faeiem,
784 1864 824 1910 τὸν
836 1867 973 1926 πρόσωπον,
988 1865 1054 1915 idem
1065 1879 1153 1917 sensus

116 1932 142 1976 est
154 1943 179 1978 ao
190 1933 216 1979 in
227 1945 255 1980 n.
269 1934 301 1991 7,
319 1930 432 1991 soiiieet,
444 1933 539 1995 Moyses
551 1932 649 1982 velabat
664 1933 754 1982 faeiem
769 1946 842 1983 suam
857 1934 950 1984 iudaeis
961 1933 1108 1995 iooaturus,
1120 1948 1153 1985 ns

116 1996 198 2048 Mitris
208 1999 288 2050 oouiis
300 2002 460 2050 Intuerentur
470 2004 496 2051 in
508 2002 649 2051 radiantem
664 2004 718 2062 ejus
731 2002 830 2052 taciem.

140 2073 199 2130 Quod
209 2080 356 2132 evacuator,
367 2073 392 2122 id
401 2079 451 2135 est,
460 2089 515 2136 quae
523 2080 606 2125 tamen
615 2077 728 2126 Mosaicae
736 2075 808 2125 faciei
817 2074 895 2139 gloria
902 2077 952 2126 elib
961 2076 1081 2127 abolenda
1089 2081 1152 2127 erat.

139 2155 169 2268 ti.
180 2155 324 2272 Sedtstbtosi,
332 2161 421 2272 ῗυπι...
432 2156 475 2207 Gr.
489 2157 663 2207 obduruerunt
676 2158 838 2218 cogitationes
855 2170 952 2209 eorum.
964 2159 1020 2222 Syr.
1034 2160 1152 2210 obomeati

118 2230 152 2268 san
170 2234 222 2272 men
262 2238 291 2273 ns
302 2237 332 2274 su
343 2237 365 2273 s.

138 2288 172 2339 iiis
184 2292 296 2342 versibus
308 2292 338 2341 b.
349 2293 440 2342 Paulus
454 2291 584 2355 allegorice
598 2293 704 2357 explieat
714 2295 830 2345 velamen
842 2296 942 2358 Moysis.

139 2356 179 2407 hoe
187 2360 301 2411 velamen
311 2361 394 2423 ,quod
406 2356 438 2412 a'd
448 2362 554 2423 figuram
565 2368 619 2413 erat
631 2367 658 2414 in
670 2364 734 2414 ineis
744 2364 843 2429 Moysis,
856 2368 941 2417 manet
952 2364 1035 2415 adhue
1048 2369 1074 2415 st
1083 2367 1153 2415 sedet

119 2424 137 2472 ia
147 2429 209 2479 eorde
223 2431 371 2481 Judaeorum
386 2431 418 2479 ad
433 2433 610 2493 ignorantiam.

141 2512 205 2575 Uentre
219 2517 247 2565 ie
266 2515 447 2564 bobiensem...
461 2514 518 2576 Syr.
538 2515 662 2576 siquidem
679 2528 759 2578 usqae
776 2516 809 2566 ad
824 2517 976 2567 hodiernum
992 2516 1078 2577 diem,
1092 2515 1151 2566 eum

119 2584 171 2632 retus
178 2585 365 2635 Testamentum
377 2584 466 2646 iegitur
475 2622 482 2644 ,
492 2583 559 2634 idern
570 2584 633 2635 iiind
643 2587 758 2636 velamen
773 2590 868 2650 perstat
878 2599 953 2650 saper
965 2599 1016 2645 eos,
1023 2598 1071 2635 neo
1082 2597 1152 2634 rere·

119 2645 177 2713 latur,
186 2656 243 2718 quia
257 2667 302 2717 per
316 2654 445 2704 Christum
462 2653 626 2704 obtineretur.

140 2719 203 2773 Tanta
213 2728 251 2773 est
264 2725 360 2773 mentis
372 2736 460 2773 eoram
474 2725 590 2784 eurotias,
604 2727 674 2773 tanta
690 2723 773 2773 cordis
790 2721 941 2781 earnahtas,
953 2725 1043 2770 utnon
1058 2720 1152 2770 intelli-

120 2794 162 2845 tiat
170 2793 230 2852 quod
243 2792 340 2854 legunt.

142 2863 249 2920 Quoniam
262 2868 291 2915 in
309 2866 406 2916 Christo
419 2874 569 2925 evocantur,
581 2867 607 2916 id
618 2870 670 2926 est,
681 2867 801 2927 quoniam
815 2876 859 2926 per
873 2864 1000 2913 Christum
1014 2862 1096 2911 solnm
1105 2861 1152 2911 toi-

120 2926 162 2980 iitur
172 2933 215 2985 hoo
225 2935 344 2985 velamen
350 2955 358 2995 ;
372 2935 409 2984 ilii
425 2940 511 2984 autem
523 2936 651 2985 Christum
668 2936 779 2996 resipere
798 2933 888 2982 nolunt
899 2950 906 2979 ε
919 2930 974 2979 ideo
986 2943 1037 2979 non
1049 2931 1151 2987 vident,

120 3001 160 3054 hair
175 3015 221 3051 aon
239 3003 348 3053 credunt
369 3005 397 3052 in
414 3001 556 3063 Christum,
575 3016 619 3065 per
639 3005 713 3063 eujus
730 3001 851 3051 tidem-et
867 3000 974 3062 gratiam
994 2997 1090 3048 tollitur
1104 2997 1152 3047 hoe

120 3066 215 3121 iahmen.

142 3156 170 3204 15.
181 3159 226 3208 Seri
238 3172 319 3223 usque
332 3159 361 3207 in
375 3157 522 3223 hodiernum
536 3160 630 3209 diere...

140 3220 191 3275 Mem
202 3230 293 3290 repetit
305 3265 312 3287 ,
324 3230 354 3276 ut
372 3241 426 3277 rem
441 3227 508 3278 hano
520 3228 661 3277 mirabilem
675 3231 807 3287 notemus,
818 3228 843 3274 et
854 3225 885 3274 de
905 3222 964 3292 iidei
974 3223 1053 3272 Deum
1064 3220 1153 3272 laude·

58 3298 60 3309 ·
121 3297 171 3354 aas.
182 3298 280 3348 ethnae
293 3299 433 3346 eaecitatem
446 3310 588 3346 careamus.

58 3392 60 3423 ÷
140 3358 189 3419 Quot
199 3369 264 3416 enirn
279 3369 304 3416 et
316 3367 452 3416 Christiani
464 3368 491 3415 in
506 3369 559 3427 ipsa
576 3363 704 3425 Evangelii
721 3362 778 3412 luce
795 3361 933 3412 ementiunt
944 3396 950 3419 ,
962 3360 1021 3418 quia
1039 3357 1152 3407 velamen

122 3421 188 3484 habnt
198 3450 272 3500 super·
283 3449 338 3496 eor,
347 3435 442 3485 seilicet
452 3435 585 3497 maiitiam,
596 3435 780 3496 impuritatem!
790 3432 864 3480 Beati
874 3441 934 3490 erqo
946 3427 1037 3476 mundo
1052 3426 1151 3476 eorde...

143 3507 170 3555 M·
180 3511 234 3560 cum
245 3517 332 3560 nutem
347 3523 477 3559 conemur
487 3509 593 3572 fuerit...
605 3508 661 3570 Syr.
672 3511 698 3556 at
710 3507 769 3556 oum
782 3504 873 3565 aliquis
884 3513 973 3550 eoram
985 3501 1152 3549 convertetur.

143 3579 262 3643 Auferetur.
275 3585 318 3634 Gr.
331 3584 556 3633 circumauferetur
569 3583 693 3632 velamen.

142 3642 175 3698 Ubi
185 3659 264 3703 autern
272 3654 306 3704 nd
318 3654 446 3703 Christum
455 3653 591 3702 bominum
602 3665 655 3701 sese
667 3648 820 3700 converterit
834 3657 878 3694 eor
888 3655 991 3702 eorum;
1002 3642 1044 3691 nbi
1058 3643 1083 3691 in
1094 3650 1152 3689 oum

124 3713 278 3840 Ziffiorigtlet
292 3721 343 3839 ίῖᾱε
354 3723 522 3783 respexerint,
537 3724 597 3770 tune
609 3720 768 3784 auferetur...
780 3717 914 3766 veritatem
925 3713 953 3763 in
965 3710 1051 3772 agaris
1059 3701 1153 3764 struiti-

145 3802 389 3912 fliiaslognggrsionis
400 3863 489 3920 typum
501 3858 632 3907 exhibebat
644 3855 805 3918 Moyses,qai
816 3848 917 3902 named
929 3846 1063 3898 bertuinum
1072 3842 1152 3887 rerer·

127 3912 197 3974 iahtur
208 3929 232 3978 in
243 3932 351 3987 monte,
366 3925 480 3977 velamen
494 3928 629 3978 auferebat.
811 3936 817 3947 ·
1005 3927 1009 3937 ·
