2512 4424
290 238 463 293 TRIPLEX
480 241 706 295 EXPOSITIO.
724 240 806 296 cin.
825 242 877 296 XI.
1056 241 1110 296 iet

74 328 161 390 lluius
171 341 270 392 sponsa
282 331 414 394 virginitas
429 336 467 383 est
478 332 535 383 ildei
546 335 710 405 inporruptio.

75 397 162 459 liujus
175 410 275 460 sponse
287 398 333 451 dos
342 404 380 450 est
393 413 499 463 regnum
510 401 645 452 ooelorum.

76 467 160 528 liuius
171 480 270 530 sponsas
283 471 377 532 nuptie
388 475 561 532 praeparantur
570 472 673 533 quidem
685 474 714 522 in
726 472 774 523 hoo
785 472 870 523 seeuio
880 485 925 537 per
935 471 1010 523 iidem
1021 509 1027 533 ,
1039 483 1110 536 spem

47 539 73 585 ei
88 536 257 599 charitatem
268 541 293 587 et
303 542 513 590 consummantur
524 542 550 589 in
565 540 628 590 ooelo
639 553 683 603 per
694 540 788 592 ohram
799 541 843 592 liel
855 544 994 602 visionem,
1007 544 1032 591 et
1040 553 1111 591 amo·

49 617 103 654 rem
115 605 273 657 hentlhennr.
284 607 344 658 Vide
355 622 382 658 n.
392 611 416 659 i.
427 609 455 658 ln
466 611 657 659 commentario.

79 686 269 739 Teano-Ah
279 689 392 752 exemplo
402 690 431 740 li.
446 689 515 740 Pauli
527 691 608 740 diseat
620 690 712 740 Christi
723 692 839 740 minister
845 691 913 752 quod
924 691 1054 754 apostolici
1061 690 1110 741 viri

52 755 106 806 dnn
116 761 180 806 sunt
189 761 323 821 praeoipun
337 761 460 820 virtutes,
471 759 603 809 humilitas
614 760 709 820 cordis,
723 765 748 809 et
759 765 892 821 paupertas
903 760 1014 824 spiritus.

80 826 109 876 ln
120 839 168 876 sua
178 831 370 878 conversatione
383 831 416 879 sit
427 828 549 890 hnmilis3
562 831 589 878 ln
605 834 690 879 usust
702 831 729 878 in
743 831 813 891 prasi
825 831 857 878 sit
869 841 972 892 pauper.

80 893 194 945 Luerum
213 907 265 944 non
282 900 393 958 qnaerai;
409 897 461 948 imo
474 897 540 947 dona
561 900 681 960 respuat:
698 898 735 945 sio
750 900 836 946 tanton
852 901 880 946 ut
892 896 1071 960 gratitudinem
1086 898 1112 949 ei

55 961 172 1015 eiieetnm
187 963 351 1016 oiierentibus
359 969 474 1016 testetur.
486 964 547 1016 Vide
558 966 771 1015 commentarium
783 978 809 1015 n.
823 968 848 1026 7,
860 968 898 1027 iti,
913 969 950 1014 ii.

81 1042 196 1106 liusaro.
206 1047 285 1096 -ih
305 1046 418 1111 exemplo
437 1048 490 1098 divi
511 1047 598 1107 Pauli,
613 1045 826 1109 pseudoapostolis
840 1048 984 1110 postpositi,
1000 1044 1112 1097 solamen

57 1110 160 1166 heheant
170 1115 320 1166 seiantioros
330 1116 440 1180 prelati,
451 1119 472 1168 al
484 1119 499 1168 d
511 1119 564 1167 snio
574 1115 680 1166 sudditis
690 1115 776 1166 minda
789 1117 954 1168 honorentur.

84 1182 102 1232 Ε
117 1188 209 1235 eontra
228 1186 305 1246 voro,
320 1186 512 1249 negligentiores
529 1187 545 1236 d
560 1187 613 1236 auls
631 1184 791 1236 interioribus
810 1187 943 1245 honorati,
954 1187 1060 1261 iimepnt
1079 1197 1113 1236 na

60 1252 267 1315 pseudoapostolis
277 1257 328 1305 sint
343 1257 420 1304 etlam
434 1256 461 1303 in
472 1253 528 1304 aliis
542 1254 617 1304 rehus
628 1253 733 1305 slmiles.
742 1253 804 1304 Vide
815 1257 1027 1305 commentarium
1038 1254 1111 1304 nii.

87 1331 190 1392 Quium.
199 1334 327 1386 -Omnis
342 1335 436 1388 Christi
446 1340 471 1386 et
483 1335 602 1386 Eoelesloe
619 1338 734 1386 minister
747 1337 828 1387 diseat
840 1336 922 1386 media
936 1335 1027 1397 quibus
1042 1347 1113 1384 sauro

64 1397 145 1451 iluisti
155 1405 300 1453 ministerio
309 1403 383 1466 digne
396 1407 583 1465 eommunicet,
594 1417 638 1467 per
649 1404 760 1455 lahorem
772 1403 869 1455 soilioet
877 1408 902 1455 ei
915 1406 1050 1468 passiones.
1060 1403 1114 1465 Quis

65 1466 111 1528 plus
119 1482 164 1533 pro
177 1471 278 1522 Christo
287 1476 312 1522 et
322 1474 465 1523 animarum
476 1472 556 1523 salute
566 1472 689 1524 lahorahit
699 1478 725 1524 et
737 1475 855 1536 patietur,
864 1474 893 1524 ed
904 1471 1004 1534 dignids
1016 1471 1114 1522 christo
1145 1518 1148 1523 .

67 1540 197 1658 Ἐιιῖιιῖιιιι
210 1541 334 1660 διιιιὲοιί
345 1544 556 1604 communicabit,
568 1547 594 1593 et
606 1543 704 1606 dignior
715 1546 764 1594 erit
778 1543 833 1604 elus
843 1545 967 1593 minister.
975 1541 1036 1591 Vide
1047 1552 1115 1591 eona·

101 1620 152 1658 nar
161 1622 209 1658 um
221 1622 250 1659 n.
262 1612 277 1658 ‘a
295 1644 302 1658 .

93 1688 176 1740 Sauro.
186 1691 290 1742 -llino
303 1695 329 1742 et
341 1704 388 1742 nos
400 1704 488 1743 omnes
501 1692 595 1743 Christi
608 1691 694 1744 ildolea
708 1693 834 1744 diseamus
850 1693 975 1754 quomodo
987 1694 1115 1755 passiones

10 1792 12 1801 .
72 1758 165 1818 usploero
182 1759 335 1821 dehmmm,
347 1773 400 1810 non
418 1765 447 1812 ut
466 1759 550 1820 maia,
564 1761 608 1811 sed
623 1766 653 1811 ut
669 1765 820 1812 eternorum
840 1762 965 1812 honorum
978 1760 1075 1810 radices
1089 1767 1115 1810 et

73 1825 190 1888 prinelpls.
202 1828 265 1878 Vide
278 1830 489 1879 commentarium
502 1841 528 1877 ιι.
538 1830 578 1877 25.

94 1891 126 1944 hs
136 1908 208 1947 versu
219 1903 304 1949 autem
317 1902 362 1958 37,
374 1899 550 1949 erubescamus
561 1900 673 1948 nostram
686 1897 787 1950 mollem
796 1934 804 1960 ,
812 1901 838 1950 ei
847 1900 953 1949 otiosam
964 1900 1042 1949 ultam
1055 1908 1115 1950 eum

74 1958 125 2012 doru
134 1969 157 2015 et
166 1965 291 2018 laboriosa
301 1966 411 2032 Apostoli
423 1970 475 2019 vita
486 1965 651 2018 oonierentes.
