2512 4424
144 248 198 301 502
436 244 648 299 aristeum
667 244 716 297 Ab
733 241 928 296 ernesius

175 341 204 388 ln
216 339 265 387 hae
280 339 418 398 sententia,
435 340 460 388 ri
476 345 561 389 moror
578 339 702 396 oudktir,
712 337 801 386 vereris
812 335 933 395 secundi,
946 345 1000 384 non
1009 333 1060 382 erit
1070 342 1121 381 rex
1130 328 1203 380 dnbi-

144 411 238 465 tantis,
256 405 300 454 sed
315 411 466 457 asserentis=
485 408 547 457 hine
561 408 621 465 ιῖνι,
633 410 738 456 vertunt
748 407 882 468 siquidem.

175 475 362 534 theodoretus,
378 482 403 524 et
421 480 477 538 post
491 479 575 538 ipsum
588 479 740 527 recentiores
750 476 872 537 plurimi,
885 475 983 533 Estius,
994 469 1145 529 cornelius,
1158 473 1204 518 ete

145 547 235 606 putant
250 543 420 605 parenthesim
438 544 553 594 desinere
575 557 603 593 n.
624 545 662 592 tt.
680 544 725 592 ubi
741 543 830 593 eadem
844 544 935 603 repetit
953 541 1032 590 verba
1048 559 1056 588 :
1074 536 1153 600 hujus
1170 548 1206 585 rer

146 614 251 676 gratio,
262 620 306 662 ete.

177 682 206 731 lu
220 681 269 731 hae
286 684 411 731 sententia
427 685 560 744 postquam
570 681 600 730 ll.
619 679 713 730 Paulus
730 680 794 729 dixit
809 695 837 730 u.
854 681 900 738 22,
918 691 975 741 cap.
993 680 1017 726 2.
1030 678 1061 726 in
1070 689 1123 738 quo
1134 680 1157 724 et
1165 687 1207 724 eor

146 750 377 812 coedificamini...
991 789 995 795 .

176 819 232 867 llox
245 817 277 866 ad
288 818 368 867 ileum
378 830 516 867 conversus
526 816 635 866 intendit
647 828 720 866 orare
738 828 785 879 pro
797 815 875 876 huius
890 813 980 876 templi
993 812 1137 876 spiritualis
1151 823 1207 876 per-

146 887 267 945 fectione,
281 891 307 935 et
319 886 402 937 dicere
415 907 422 936 ι
435 888 520 950 Hujus
531 887 570 936 rei
580 886 667 949 grutid
676 886 747 948 ilecto
758 899 857 948 gerno,
868 896 944 934 orans
955 888 983 933 ut
994 886 1023 933 iu
1037 882 1088 932 tide
1099 895 1145 932 ros
1156 895 1208 932 eor-

145 957 255 1005 roboret.
895 999 906 1014 ,

175 1025 208 1073 At
220 1025 358 1081 dubitans,
374 1026 514 1085 inquiunt,
525 1022 589 1072 ndm
602 1022 673 1072 hune
687 1021 889 1084 metaphoricum
900 1019 1208 1082 mendosissimum

145 1093 285 1155 spiritualis
297 1106 440 1142 sermonem
451 1095 512 1142 satis
524 1091 694 1141 intellexerint
705 1090 817 1152 Ephesii.

176 1160 298 1210 Dubitans
310 1163 388 1210 etiam
402 1162 465 1210 urim
476 1161 538 1209 satls
555 1159 698 1221 intelligant
709 1159 954 1208 administrationem
966 1159 1055 1218 gratiae
1067 1157 1118 1204 sibi
1129 1156 1206 1214 data,

145 1229 274 1290 Evangelii
285 1229 406 1278 Gentibus
414 1228 565 1292 praedicandi
575 1267 582 1286 ,
594 1232 620 1278 et
629 1231 811 1288 consequenter
820 1227 885 1276 urim
894 1226 1037 1288 intelligant
1050 1225 1120 1286 quod
1129 1225 1205 1274 dixit:

146 1299 201 1359 ligo
213 1298 314 1346 Paulus
330 1299 427 1348 clodus
444 1299 538 1348 Christi
551 1299 612 1346 lero
626 1310 676 1360 pro
688 1295 761 1346 oobr'e
774 1296 897 1358 gentibus.

178 1364 230 1414 liae
242 1366 288 1415 sui
299 1365 457 1416 dubitatione
469 1366 617 1426 distraetus,
629 1367 765 1426 inquiunt,
779 1366 918 1414 orationem
930 1366 1059 1426 inceptam
1072 1366 1207 1412 interrum-

146 1437 185 1494 pit
198 1438 224 1483 et
242 1437 315 1495 quasi
328 1435 477 1496 suspendIt,
492 1434 572 1485 donee
589 1434 682 1483 claritis
697 1438 723 1482 et
744 1433 826 1482 iusids
847 1433 996 1495 explicuerit
1016 1436 1042 1481 et
1059 1433 1205 1494 mysterium

145 1505 286 1551 vocationis
298 1503 438 1564 Gentium,
450 1506 476 1552 et
492 1517 570 1552 suum
589 1505 657 1552 inter
673 1503 766 1552 Gentes
784 1502 961 1564 apostolatum.

176 1571 205 1618 in
219 1570 268 1620 hae
283 1573 425 1631 sententia,
441 1572 465 1620 ri
481 1578 565 1620 tumen
577 1573 704 1629 audetis,
720 1579 765 1620 ete.
778 1571 838 1620 rere
850 1570 991 1619 dubitantis
1002 1573 1058 1630 αις
1071 1583 1104 1619 ex
1113 1569 1206 1631 hoeque

145 1651 192 1688 suo
203 1638 279 1688 dubio
292 1641 371 1688 sumit
388 1643 566 1698 oeeasionem,
583 1652 628 1702 per
642 1640 742 1701 longam
757 1639 943 1705 parenthesim.
961 1638 1058 1689 elarius
1070 1637 1206 1702 woradi

145 1707 271 1767 quomodo
284 1707 370 1757 divina
384 1709 570 1770 dispensatione
581 1709 720 1758 Gentilium
731 1709 813 1758 iaetus
824 1710 857 1756 rit
867 1708 1026 1770 prudleator.

176 1776 358 1838 Quamcunque
375 1778 537 1841 amplectaris
554 1777 603 1827 bae
619 1781 647 1827 iu
664 1791 693 1827 re
717 1781 879 1841 opinionem,
897 1791 951 1827 uon
969 1776 1114 1840 plurimum
1135 1774 1206 1826 reteri

145 1844 207 1894 edm
221 1858 310 1896 omnes
320 1845 432 1896 habeant
442 1851 468 1897 et
477 1860 524 1898 sue
534 1846 700 1897 fundamenta
710 1852 737 1896 et
746 1860 806 1897 suos
815 1852 946 1907 auctores,
956 1846 1029 1896 nulla
1039 1851 1129 1896 autem
1141 1845 1205 1894 omni

145 1918 230 1962 eareat
244 1914 400 1965 difficultate.
451 1922 455 1928 ’

175 1982 231 2030 lliri
248 1984 396 2046 Hieronymi
413 1985 614 2046 interpretationi
634 1984 715 2032 obstat
740 1995 789 2032 vox
807 1985 953 2046 interposita
971 1986 1111 2046 minor,
1129 1984 1204 2034 obem

147 2053 174 2098 et
185 2049 351 2100 solecismus.

175 2118 327 2168 OEeumenii
344 2122 533 2182 interpretatio,
551 2125 641 2183 prater
656 2118 759 2180 longum
777 2121 844 2181 quod
856 2121 968 2171 admittit
987 2121 1202 2183 supplementum,

145 2189 241 2247 cogitur
254 2188 420 2237 soloeeismum
435 2203 567 2248 agnoscere
581 2193 608 2238 iu
620 2194 688 2237 textu
700 2189 858 2249 Apostolico,
873 2194 898 2238 et
908 2189 1016 2238 Paulum
1028 2193 1057 2238 iu
1070 2190 1152 2239 aliena
1160 2189 1204 2238 lin·

146 2270 194 2317 gua
211 2255 393 2306 balbutientem
412 2259 498 2319 lateri,
512 2262 580 2308 sieut
594 2259 705 2319 loquitur
720 2260 749 2308 il.
763 2259 941 2320 Hieronymus.

177 2326 323 2374 theodoreti
338 2329 423 2387 opinio
439 2327 576 2389 longiorem
592 2329 703 2377 admittit
713 2329 896 2390 parenthesim,
913 2333 939 2377 et
953 2328 1097 2389 longiorem
1115 2333 1143 2378 in
1154 2341 1203 2378 ora·

146 2395 213 2441 tione
227 2392 432 2456 distractionem,
445 2401 470 2444 et
480 2396 582 2456 quidem
593 2395 778 2452 uoluntariam,
792 2400 832 2452 et,
845 2402 873 2444 ut
885 2397 948 2445 mihi
960 2396 1079 2458 videtur,
1095 2400 1151 2447 sine
1163 2408 1202 2446 ne·

146 2463 269 2509 cessitate.

165 2530 355 2640 'supplemento
369 2533 438 2581 verbi
449 2546 506 2582 urm
517 2533 585 2582 solus
600 2534 683 2583 obstat
701 2534 823 2582 articulus
844 2532 1019 2596 praepositus&
1038 2533 1143 2595 δέσμιος,
1165 2525 1202 2576 5¹¹0

144 2606 199 2640 urna
211 2607 250 2640 us.

175 2660 223 2708 Sed
236 2665 401 2722 preterquam
417 2662 498 2723 qubd,
514 2665 544 2711 ut
562 2663 633 2723 dixi,
649 2663 751 2712 denotat
766 2663 935 2712 celebritatem
946 2666 1113 2715 uinculorum
1126 2665 1200 2723 erui,

175 2729 231 2777 liree
247 2730 379 2778 diiiieultas
394 2730 482 2779 dirum
498 2731 723 2792 chrysostomum,
739 2733 871 2791 Graecum,
885 2746 936 2781 non
952 2737 1093 2796 deterruit,
1111 2740 1136 2785 et
1149 2746 1201 2785 sane

145 2800 241 2846 ceteris
258 2800 341 2846 minor
355 2803 408 2858 est,
424 2800 522 2848 sibene
537 2801 724 2862 perpendantur
739 2801 804 2850 aliae.

175 2866 283 2915 Aliunde
301 2871 401 2926 autem,
414 2868 463 2917 hoo
481 2871 558 2918 unico
574 2870 770 2932 supplemento(
786 2871 853 2931 quod
871 2872 982 2922 liebraeis
998 2874 1147 2939 familiare)
1161 2874 1200 2924 ud·

145 2933 215 2994 dito,
233 2937 311 2983 totius
325 2937 414 2996 eapitis
431 2949 519 2985 sensus
538 2950 665 2986 connexus
680 2943 735 2997 est,
753 2944 778 2986 et
797 2952 856 2986 eum
870 2941 1089 3004 precedentibus,
1110 2949 1136 2994 et
1150 2955 1199 2994 eum

146 3005 326 3062 sequentibus,
343 3008 372 3052 ut
385 3007 411 3052 iu
430 3005 527 3066 analysi
541 3010 565 3054 et
578 3007 723 3068 paraphrasi
743 3009 822 3056 videri
839 3015 929 3070 potest.

174 3071 243 3118 hihil
256 3085 314 3132 ergo
327 3075 392 3132 cogit
404 3073 436 3122 ad
448 3074 581 3124 obscuram
593 3082 617 3123 et
632 3074 770 3136 longiorem
782 3077 954 3137 parenthesim
973 3091 1117 3131 recurrere.

176 3137 245 3186 Adde
259 3139 326 3200 qudd
341 3143 362 3189 si
382 3154 437 3201 quae
455 3141 534 3192 Graeei
549 3146 672 3192 sermonis
695 3147 821 3206 imperitia
836 3159 895 3194 eum
911 3146 970 3194 divo
989 3147 1147 3212 Hieronymo
1163 3147 1197 3197 hie

145 3208 315 3267 agnoscenda,
334 3214 395 3270 puto
410 3211 477 3270 qubd
492 3213 598 3260 minima
618 3216 651 3261 sit
669 3213 790 3273 eligenda.

175 3291 332 3343 Orsunvlrro
349 3308 466 3345 uourms
480 3322 512 3333 -
527 3298 562 3346 ile
573 3300 625 3347 suis
638 3300 748 3348 vinculis
760 3300 881 3360 gloriatur
897 3302 1052 3365 Apostolus,
1067 3308 1122 3367 Ego
1137 3307 1197 3355 Pou-

147 3359 201 3417 lus,
214 3362 258 3409 ille
268 3364 364 3413 unetos
383 3367 475 3415 Christi
489 3369 557 3416 lesu.
569 3368 688 3417 Similiter
706 3373 731 3416 et
747 3369 790 3417 alii
809 3383 897 3419 omnes
910 3371 1041 3433 Apostoli,
1057 3375 1132 3424 ibant
1143 3386 1196 3437 gott·

146 3430 240 3487 denter,
253 3433 313 3491 quio
322 3448 370 3494 pro
381 3437 480 3483 nomine
490 3439 548 3484 lesu
560 3439 632 3499 digni
641 3437 723 3485 babiti
730 3445 788 3486 sunt
795 3442 861 3500 pati.

168 3495 268 3563 ¹Quidni
279 3502 314 3550 sie
328 3504 354 3549 iu
369 3508 460 3553 nostris
471 3505 607 3565 gloriamur
621 3506 809 3557 infirmitatibus
825 3512 849 3556 et
862 3507 1087 3561 humiliationibus
1098 3512 1195 3562 nostrisi

177 3565 246 3616 Hane
258 3568 362 3629 gloriam
378 3571 421 3619 dat
431 3573 491 3622 tides
504 3576 570 3622 riva.

176 3632 253 3684 Crede
270 3649 327 3697 ergo
338 3639 414 3686 verbo
429 3639 520 3689 Christi
532 3642 638 3691 dicentis
651 3662 657 3690 ι
670 3645 741 3693 Beati
752 3645 796 3706 qui
813 3646 973 3708 rebelletis,
995 3656 1040 3698 ete.
1057 3651 1125 3700 beuti
1140 3662 1193 3712 pat·

145 3713 234 3761 peres,
253 3711 296 3753 ete.
319 3705 385 3752 beuti
401 3708 444 3765 qui
457 3712 646 3766 persecutionem
664 3715 809 3774 patiuntur,
825 3722 869 3764 ete.
884 3717 1005 3776 gaudebis
1027 3723 1052 3767 et
1068 3719 1191 3772 exultabis,

146 3773 207 3829 quia
220 3785 311 3821 merces
328 3779 373 3820 tua
388 3788 482 3835 magna
502 3778 548 3824 erit
564 3779 591 3824 in
606 3781 675 3830 eoelo.

177 3837 230 3917 Qud
243 3842 299 3898 quis
311 3852 356 3900 pro
368 3841 464 3891 Christo
476 3845 623 3907 profunditis
636 3849 799 3913 humiliatur,
812 3852 842 3902 ed
854 3852 985 3914 gloriosior
997 3861 1035 3906 est
1047 3869 1131 3907 eorem
1141 3857 1189 3910 beo,

144 3908 170 3952 et
188 3911 235 3955 erit
248 3909 274 3955 in
288 3911 417 3959 aternum.
1120 3928 1123 3932 ’
