2512 4424
357 250 526 303 TRlPLEX
544 252 769 306 Exeosrrm.
788 253 869 307 CAP.
888 257 920 308 V.
1112 254 1165 309 aab

104 335 287 392 christianismi
307 344 333 392 et
348 340 468 394 libertatis
483 343 611 407 illiorum,
629 347 678 408 qus
691 348 718 397 ln
730 347 829 398 Christo
844 348 968 408 fruimur,
986 351 1023 397 est
1038 346 1164 412 charitas,

103 419 177 457 amor
190 409 248 469 Dei,
261 422 332 459 amor
347 414 464 473 proximi.

136 475 193 525 ideo
203 476 263 527 iacti
276 491 365 528 sumus
376 479 420 528 11111
432 479 475 530 1101
485 519 493 542 ,
503 485 529 532 01
539 483 641 544 quidem
652 485 774 545 maiores,
787 487 815 534 nt
824 484 918 545 boum,
928 487 1025 548 patrem
1039 489 1165 547 nostrum,

102 545 194 608 purius
206 549 231 595 et
244 548 368 598 sincerius
379 562 493 600 amemus
504 555 632 613 tanquam.
644 551 707 612 lllii,
724 566 775 602 non
792 546 858 602 sicut
868 556 943 603 servi.

121 613 192 696 'ideo
203 615 344 677 dlegalium
352 619 413 680 jugo
426 618 524 670 liberati
538 634 643 682 sumus,
656 626 686 671 ut
705 623 778 672 nobis
791 624 902 672 invicem
915 635 960 685 pro
975 623 1096 674 charitate
1109 637 1164 674 ser·

105 689 316 816 vnlinogtsraenigiltrarr
329 755 470 817 adoptionis
484 757 662 819 dirissimis,
675 758 868 820 christianaque
874 758 998 825 libertatis
1008 773 1112 824 scopus,
1126 768 1164 813 est

103 821 203 872 lerrons
214 823 344 873 charitatis
361 828 526 888 exereItium,
540 832 566 876 et
581 830 731 877 continuum
744 827 813 877 illius
830 833 1005 890 augmentum.

132 903 375 957 Sentianum-Seu
385 908 411 956 id
424 909 490 970 quod
503 909 625 972 perpetuo
638 922 727 959 envers
740 910 876 970 debemus,
889 911 960 960 velut
971 910 1115 962 christiane
1129 913 1163 962 li-

102 972 207 1024 bertntis
223 974 348 1036 abusum,
364 981 401 1025 est
412 980 674 1040 concupiscentiarum
685 982 798 1030 sectatio.
819 979 925 1029 Tantum
935 993 965 1028 ne
984 980 1122 1030 libertatem
1136 984 1164 1032 irs

102 1047 257 1094 occasionem
269 1046 331 1096 detis
348 1048 446 1107 eoram,
459 1061 486 1098 n.
501 1052 538 1099 13.
555 1047 648 1098 Contra
663 1049 708 1098 liei
724 1049 881 1099 voluntatem
899 1049 1036 1100 christiani
1048 1050 1163 1102 abutere·

102 1115 166 1163 mini
177 1113 308 1180 libertate,
320 1117 405 1177 sicque
418 1122 550 1179 peccantes
560 1119 686 1180 periretis.

131 1189 162 1238 Si
175 1189 311 1238 secundem
327 1203 427 1240 curam
445 1193 571 1251 viceritis,
583 1192 726 1242 moriemini
736 1212 746 1242 .-
756 1193 781 1243 ιι·
791 1197 876 1242 numm
886 1193 980 1255 spiritu
995 1191 1063 1256 secto
1079 1196 1162 1244 eamd

102 1259 334 1318 mortificaveritis,
349 1260 446 1310 vivetis.
466 1260 539 1311 Rom.
554 1264 582 1322 8,
596 1275 624 1311 n.
638 1264 676 1312 ra.
688 1261 754 1311 ilinc
773 1264 842 1323 ritn3
855 1262 913 1312 inde
933 1274 1001 1312 mors
1014 1280 1021 1311 ε
1034 1262 1161 1313 carnalem

101 1329 185 1388 itaque
199 1330 277 1376 vitam
288 1327 388 1377 horrete
397 1328 468 1377 velut
480 1334 588 1380 mortem
598 1333 639 1390 ‚et
651 1333 759 1380 mortem
771 1335 899 1380 aeternam.

131 1410 258 1459 Tnnrrurr.
270 1411 362 1460 -Seu
383 1411 409 1460 id
428 1407 478 1472 buo
491 1413 618 1462 mediante
631 1416 656 1462 et
673 1411 824 1472 auxiliante,
840 1425 885 1462 seu
896 1413 1010 1463 medium
1019 1412 1162 1464 efficacissi-

101 1490 174 1528 mum
184 1480 218 1529 ad
228 1481 298 1531 bunc
306 1481 439 1530 vitandum
450 1483 558 1532 abusum
572 1487 598 1532 et
607 1482 639 1535 ed
650 1481 723 1532 illum
736 1482 813 1532 110οι0
824 1483 1022 1545 assequendum,
1033 1487 1071 1533 est
1080 1485 1102 1532 ri
1110 1486 1161 1546 epi·

100 1550 153 1599 ritu
163 1550 336 1609 ambulemus,
350 1553 371 1600 si
382 1551 486 1614 Splritui
495 1555 582 1602 sancto
596 1553 622 1601 in
635 1552 752 1602 cordibus
763 1553 856 1602 nostris
868 1552 993 1602 habitanti
1005 1553 1159 1614 obediamus,

102 1619 205 1681 eiusque
216 1619 353 1670 dictamina
370 1625 395 1670 et
406 1620 530 1682 impulsus
548 1623 637 1671 attenti
649 1633 793 1682 sequamur.

130 1688 163 1738 Et
171 1688 224 1737 haec
234 1692 272 1738 est
287 1690 345 1738 vitm
358 1688 506 1738 Christianae
519 1702 635 1749 summa,
649 1689 770 1750 adquam
780 1687 908 1739 multoties
921 1689 948 1739 in
961 1689 1010 1739 hoc
1021 1694 1159 1754 capitones

101 1756 217 1805 bortatur
232 1755 380 1818 Apostolus,
394 1770 422 1806 n.
434 1761 480 1817 16,
495 1761 539 1817 it,
554 1751 791 1818 253nti'1uesuaslt
806 1758 833 1807 ln
847 1758 919 1806 nobis
931 1757 1055 1808 eillcacior
1071 1760 1158 1809 erbor-

100 1828 175 1886 tatio,
188 1825 314 1876 versiculo
331 1827 371 1874 ti.
385 1826 429 1875 ubl
443 1839 490 1874 nos
500 1838 589 1874 omnes
599 1824 632 1874 ud
643 1826 709 1874 lianc
725 1827 809 1874 cernis
820 1838 864 1887 per
878 1827 995 1887 spirltum
1012 1825 1159 1878 refrenatio-

100 1909 159 1945 nem
171 1894 282 1957 apertius
297 1896 403 1955 excitut‚
415 1894 485 1944 illam
499 1893 569 1943 velut
580 1893 771 1944 eruciilrlouem
780 1893 880 1944 exhibet
894 1913 901 1942 z
914 1894 963 1952 Qui
980 1893 1072 1944 Christi
1085 1901 1157 1950 sunt,
1189 1920 1204 1941 e

100 1979 200 2016 curnem
214 1979 289 2015 suom
303 1965 489 2028 cecinerunt,
503 1972 547 2014 ete.

128 2035 176 2086 Ubi
187 2039 320 2098 postquam
333 2036 463 2084 internum
474 2033 676 2084 mortificationis
695 2035 721 2083 ln
736 2046 839 2084 carnem
850 2034 994 2084 exercendis
1005 2033 1157 2096 principium

98 2105 171 2155 nobis
186 2104 312 2164 ostendit,
324 2103 446 2153 Sanctum
460 2103 556 2154 seilicet
573 2104 708 2165 Spiritum,
720 2107 852 2153 externum
863 2102 975 2164 ejusdem
986 2101 1159 2151 mortificatio·

99 2177 138 2224 nis
149 2174 306 2224 demonstrat
319 2173 461 2236 exemplar,
472 2175 558 2223 lesum
570 2173 698 2223 Christum
707 2186 752 2235 pro
763 2174 835 2224 nobis
846 2173 1004 2223 crucifixum.

127 2242 204 2304 Quasi
218 2243 312 2292 diceret
324 2257 331 2291 r
344 2243 445 2304 Spiritu
457 2243 603 2302 ambulate,
615 2243 705 2305 spiritu
716 2241 783 2291 inctn
796 2245 880 2292 carnis
888 2243 1030 2305 reprimite,
1043 2250 1161 2290 carnem·
1199 2267 1201 2272 ·

98 2325 147 2374 qne
159 2317 270 2362 vestram
288 2313 455 2374 peccatricem
474 2311 714 2373 eruciflglte51esus
733 2311 863 2373 Christus,
879 2311 923 2362 ber
940 2309 1037 2371 Filius,
1051 2309 1159 2360 Sanctus

98 2387 260 2439 sanctorum,
277 2384 446 2445 propeccatis
463 2384 554 2435 restris
564 2382 699 2436 crucifixus
712 2386 759 2435 est.

127 2453 219 2503 Sancto
232 2455 317 2516 itaque
334 2453 429 2516 Spiritu
450 2456 557 2504 animati
573 2457 599 2504 ct
617 2453 788 2516 corroborati,
804 2457 925 2506 attendite
941 2467 1044 2506 carnem
1065 2455 1157 2507 GhrIsti

97 2522 258 2583 crucifixam,
272 2524 297 2571 et
307 2534 353 2585 pro
363 2523 470 2584 peccatis
478 2524 568 2572 restris
577 2524 604 2571 ln
616 2536 705 2585 cruce,
715 2536 816 2573 summo
827 2537 886 2574 cnm
899 2523 984 2574 dolore
997 2527 1156 2585 morientem,

97 2595 122 2641 et
139 2591 172 2641 ad
193 2591 263 2640 illius
280 2590 442 2654 exemplum,
459 2605 562 2642 emnem
580 2596 690 2642 restrum
711 2595 877 2655 peccatricem
898 2593 1049 2654 crocingite3
1061 2597 1090 2641 ut
1104 2607 1156 2642 non

96 2664 151 2712 sine
162 2660 248 2711 dolore
262 2662 385 2710 moriatur
399 2663 427 2710 in
442 2661 514 2711 robis
527 2666 677 2723 peccatum,
694 2661 798 2724 pacifice
811 2661 871 2712 vero
891 2665 978 2723 regnet
991 2662 1109 2712 ebaritas.

125 2731 232 2782 bomine
245 2730 304 2781 Jeeu
315 2767 323 2790 ,
336 2732 380 2791 qul
391 2743 432 2780 me
442 2731 592 2783 haecomnia
605 2744 649 2794 per
659 2736 775 2780 sanctum
789 2730 937 2794 Apostolum
953 2734 1026 2780 tuum
1039 2729 1153 2790 docuisti,

96 2803 126 2852 da
141 2802 207 2852 mibi
220 2813 266 2864 per
278 2803 439 2863 temetipsum
449 2801 504 2852 baec
515 2801 605 2851 endem
624 2802 711 2851 omnin
726 2803 815 2850 essaei
828 2812 910 2861 agere.

125 2873 154 2921 ln
165 2875 207 2933 te,
221 2875 247 2920 et
259 2883 304 2933 per
318 2873 344 2919 te
361 2872 410 2919 sim
421 2870 480 2921 rere
492 2869 560 2920 iilius
569 2870 630 2932 Del,
641 2872 727 2922 sancto
736 2868 831 2932 SpirItu
842 2874 887 2919 tuo
899 2869 1041 2929 animatus,
1053 2869 1081 2916 in
1092 2867 1154 2917 chu-

94 2943 169 2991 ritate
179 2942 282 2998 virens,
293 2942 319 2988 et
327 2952 357 2989 ex
370 2939 492 2989 charitate
507 2951 605 3002 semper
618 2951 703 2999 agens.

124 3009 160 3059 ba
181 3009 262 3069 milri,
276 3006 291 3056 0
304 3009 417 3070 piissime
432 3007 598 3069 Redemptort
612 3006 726 3056 libertate
744 3004 856 3056 illiorum
875 3004 1009 3066 Sanguinis
1021 3005 1060 3054 tni
1073 3007 1153 3067 pretio

95 3077 218 3140 acquisiti
230 3088 363 3137 nunquam
381 3074 470 3136 ebuti;

124 3147 162 3196 id
175 3146 254 3196 tinem
265 3145 343 3206 hujus
357 3143 499 3197 christiane
512 3143 633 3194 libertatis
643 3155 742 3207 semper
753 3144 871 3204 tendere,
888 3142 992 3193 tandem
1002 3143 1132 3206 pervenire
1144 3163 1152 3203 ;

124 3216 206 3266 lledio
219 3215 289 3264 adid
301 3213 365 3264 milri
378 3213 436 3263 doto
448 3214 618 3263 indesinenter
629 3215 682 3274 nti,
697 3214 788 3277 spiritu
798 3212 928 3263 ambulare
937 3249 945 3274 ,
954 3214 1034 3262 sancti
1046 3211 1153 3276 Spiritus

95 3284 234 3335 dictamina
245 3280 365 3345 perpetuo
376 3282 456 3342 sequi.

123 3354 158 3403 ba
175 3351 255 3411 mihi,
269 3352 296 3399 in
314 3352 420 3399 internis
440 3347 543 3412 spiritus
559 3353 584 3398 et
600 3351 684 3398 carnis
697 3351 805 3412 pugnis,
818 3349 914 3412 aparte
927 3349 1028 3412 spiritus
1045 3348 1152 3399 ildelIter

94 3414 179 3481 stare,
191 3423 219 3469 in
235 3423 280 3468 tuo
291 3419 401 3480 Spiritu,
417 3421 443 3466 et
452 3429 498 3480 per
507 3420 581 3465 tuum
592 3416 715 3479 Spiritum
732 3430 834 3468 earnem
846 3418 988 3478 refrenare,
1004 3419 1151 3469 eharlmtem

95 3502 222 3549 exercere,
235 3493 259 3538 ct
270 3501 314 3550 per
330 3488 480 3536 continuum
497 3486 645 3536 exercitium
660 3487 753 3546 jugiter
766 3486 899 3546 adaugere.

123 3559 160 3608 lia
170 3558 280 3618 denique
290 3567 334 3617 per
345 3555 412 3603 banc
420 3556 505 3615 jugem
511 3553 594 3602 earnis
604 3554 631 3600 in
641 3556 690 3601 tuae
702 3552 843 3602 dilectionis
854 3556 943 3616 spiritu
954 3554 1148 3612 crucifixionem,
1185 3587 1188 3592 .

53 3673 55 3677 .
95 3628 216 3677 dolorosae
230 3625 353 3688 passionis
364 3627 413 3671 tuae
426 3625 463 3671 sie
472 3634 525 3671 esse
536 3621 697 3682 participem,
709 3625 738 3670 ut
749 3620 861 3683 gloriose
875 3623 977 3674 tandem
991 3624 1148 3674 resurrectio-

96 3700 135 3747 nis
145 3702 197 3746 tue
213 3705 332 3742 consors.
345 3696 371 3738 to
388 3691 489 3750 diligam
504 3693 532 3739 in
545 3693 677 3740 eternum.
