2512 4424
506 275 738 334 rubellio.

439 452 521 513 Nolo
535 453 570 513 io
583 453 806 532 prefationem.

124 616 313 680 Circularem
323 617 422 682 luisse
434 667 443 698 ,
456 620 537 683 etad
547 638 659 684 omnes
669 622 749 685 hsiae
759 623 855 685 urbes
868 623 991 704 Epheso
1007 624 1157 691 finitimas

83 720 237 800 missam,
257 721 338 785 hano
356 739 426 804 quae
439 722 479 786 ad
498 725 650 806 Ephesios
663 725 799 806 dieitur,
815 725 984 806 Epistolam
998 731 1153 811 probant,

122 823 229 890 Primo
249 826 398 908 antiquus
411 827 523 893 titulus
543 830 597 910 qui
617 831 649 894 in
662 831 798 912 antiquis
812 833 1043 914 exemplaribus
1062 854 1154 916 repe·

82 931 163 996 ritur
173 978 182 1007 ‚
194 935 227 994 et
240 949 334 1011 wem
348 937 383 996 b.
399 933 531 998 Basilius
546 933 679 1015 mystice
693 936 828 1018 exphcat
841 935 873 999 in
892 939 1023 1000 Eunom.
1039 939 1093 1001 lib.
1116 948 1151 1020 b,

82 1056 150 1119 cap.
168 1044 203 1116 2,
219 1056 291 1120 pag.
308 1045 378 1104 733.

121 1143 245 1207 Titulus
263 1149 369 1209 autem
388 1146 461 1211 hino
482 1151 532 1211 est
556 1169 564 1208 2
586 1164 640 1216 Τοῖς
652 1161 724 1221 ἁγιοῖς
734 1168 782 1215 τοῖς
795 1167 858 1225 οὖσι,
871 1164 910 1210 καὶ
922 1169 1010 1217 πιστοῖς
1021 1165 1045 1212 iv
1057 1168 1151 1229 Χριστῶ

81 1260 152 1310 amos
165 1272 174 1307 z
188 1249 308 1314 sanetis
322 1250 549 1330 existentibus,
561 1270 618 1315 seu
633 1251 686 1331 qui
701 1247 873 1334 sunt31ion
889 1252 1084 1333 designando
1100 1255 1151 1318 lo·

80 1375 172 1440 eum,
187 1364 224 1424 ut
236 1357 356 1423 seilicet
373 1356 618 1436 uniuscuiusque
636 1357 723 1421 urhis
742 1357 870 1423 nomine
887 1361 997 1439 posset
1013 1362 1148 1442 repleri,

80 1464 165 1529 sieut
177 1469 208 1538 i.
226 1472 342 1545 1,·cap.
360 1470 397 1540 1,
413 1463 567 1544 repletum
576 1466 626 1526 est
643 1487 650 1526 :
665 1480 689 1525 o
700 1483 734 1526 sa
749 1481 851 1544 spano.

121 1566 287 1648 Secundo,
300 1568 368 1650 ipse
388 1566 460 1631 finis
474 1566 637 1648 Epistolae,
655 1569 891 1650 ubihpostolus
905 1586 973 1652 cap.
987 1575 1026 1649 6,
1042 1575 1073 1640 t.
1087 1575 1146 1651 al,

79 1676 200 1740 salutat
216 1691 281 1738 non
296 1672 449 1755 Ephesios
462 1674 601 1750 tantum,
616 1671 675 1736 sed
693 1677 727 1737 et
741 1691 852 1738 omnes
867 1673 900 1738 in
913 1675 986 1738 Asia
999 1677 1150 1741 Christia-

79 1797 141 1844 nos
160 1803 167 1842 :
187 1784 259 1842 Pax
279 1778 448 1859 fratribus,
468 1775 587 1856 inquit,
607 1793 672 1840 non
689 1775 784 1858 vero,
802 1797 872 1858 pou
890 1779 992 1853 vohis,
1015 1781 1097 1843 sicut
1115 1782 1147 1844 in

80 1885 150 1948 aliis
165 1884 323 1965 Epistolis.

120 1985 247 2068 Tertio,
267 1987 352 2068 quod
370 1987 403 2050 in
420 1987 573 2066 aliquibus
596 1987 672 2050 olim
691 1986 776 2050 dieta
794 1987 837 2050 sit
857 1987 897 2050 ad
917 1987 1145 2065 laodicenses,

80 2095 167 2177 apud
188 2091 411 2156 Tertullianum
432 2096 543 2155 eontra
561 2092 707 2155 llareion.
726 2090 779 2155 lib.
802 2095 840 2171 5,
859 2108 927 2172 cap.
951 2099 1009 2171 11,
1029 2095 1060 2164 i.
1087 2099 1146 2171 17,

79 2217 153 2282 pag.
167 2202 237 2263 593.

121 2303 197 2366 Erat
212 2319 288 2383 ergo
304 2302 344 2365 ad
361 2302 567 2366 Laodicenses
584 2306 617 2367 et
624 2302 671 2366 ’ad
683 2303 760 2366 alios
774 2302 904 2366 hsianos
921 2325 928 2365 :
943 2302 1026 2366 dieta
1038 2306 1144 2366 tamen

81 2411 132 2473 est
140 2407 316 2490 specialiter
329 2406 369 2469 ad
382 2407 548 2487 Ephesios,
563 2407 635 2486 quia
648 2407 790 2486 Ephesus
802 2407 882 2471 hsiae
895 2406 1082 2486 Metropolis.

121 2511 214 2588 Quod
226 2512 297 2576 vide
310 2508 410 2576 fusius
423 2510 506 2592 apud
514 2510 675 2575 dominum
686 2512 851 2575 Tillemont
864 2512 1059 2584 :Mennim
1073 2519 1142 2584 etr„

83 2635 138 2680 sur
156 2622 191 2680 S.
203 2617 301 2691 Paul,
320 2635 373 2680 aa.
389 2619 440 2689 49,
455 2633 527 2694 pop.
546 2612 992 2690 321,etn0auurs.1³ant,
1009 2622 1077 2676 aete
1087 2619 1146 2688 79,

79 2740 153 2804 pop.
169 2727 240 2787 613.
318 2755 320 2761 ·

122 2829 214 2909 hpud
225 2825 371 2890 eumdem
379 2826 456 2916 ¹vide
468 2841 530 2904 quo
544 2841 626 2888 anno
636 2825 750 2905 scripta
764 2828 797 2888 et
805 2825 902 2892 missa
913 2823 971 2888 luit
984 2823 1119 2904 Epistola
1132 2847 1145 2884 :.

85 2937 175 2996 Notos
192 2950 247 2995 rur
263 2931 343 2992 salar
357 2927 455 3008 Paul,
466 2937 534 2993 note
548 2934 604 3004 78,
613 2948 685 3012 pap.
699 2934 770 3012 613.
791 2917 795 2924 ’
914 2919 916 2922 ’
