2512 4424
95 269 148 322 ata
388 265 592 319 elisatiam
608 263 657 316 All
675 258 868 315 ceassios

123 360 193 412 Altos
203 361 297 423 numm,
306 362 335 411 nt
344 360 397 411 slnt
408 364 519 424 pastores
531 361 557 408 et
568 356 691 407 doctores.
713 357 784 411 alios
793 362 887 412 autem
897 360 1027 424 pastores
1040 360 1069 411 ct
1088 353 1155 411 doc·

654 454 658 459 ·
714 441 809 503 tores,

122 528 232 590 llacnce
251 526 317 579 iona
336 527 402 577 neus
423 524 540 576 odolinus
558 524 646 584 decit,
663 525 692 573 ut
748 517 794 566 te.
817 513 859 566 id
885 512 1155 566 consummationem

94 598 267 657 nnrrsoulsqoe
285 595 399 655 illorum,
415 607 460 644 seu
483 593 633 656 Apostolus,
649 590 693 641 cett
715 597 888 655 sanctorum,
903 589 933 642 in
945 603 1020 656 opus
1032 588 1156 643 miniate-

93 664 214 730 prophela
225 677 300 725 ,sen,
313 668 371 722 etc,
383 662 486 712 strenue
499 666 524 711 et
532 661 631 712 assidue
644 662 693 710 mi·
715 668 766 734 pii,
783 669 813 720 ip

94 735 227 785 misterium
239 733 285 781 sibl
298 732 423 782 creditum
434 734 548 781 exerceat
553 750 561 791 ι

126 799 308 861 autonomon
328 800 545 849 administratione
558 799 693 860 mysticum
715 791 927 845 aedificationem
935 788 1067 857 corporis
1074 788 1159 844 chria·

93 871 186 921 Christi
205 883 310 932 cocpus,
322 869 479 929 Ecclesiam,
494 868 629 918 editicium
643 868 694 928 spl-
715 870 747 923 ti,

93 939 197 1000 rituale,
207 945 352 1003 promoveat
362 960 368 999 ;
378 946 407 988 ut
417 943 535 989 universa
548 942 694 988 sanctorum

93 1011 199 1059 societas
226 1013 419 1066 consummata,
440 1012 494 1057 tarn
516 1008 544 1056 in
566 1006 694 1066 moribus,

92 1078 169 1139 quim
182 1078 325 1126 inscientia
337 1076 381 1126 ilai
393 1075 532 1129 reddatur..
612 1129 618 1137 ,
675 1109 687 1131 .

123 1143 181 1193 Hac
205 1147 291 1193 autem
314 1144 385 1193 varia
404 1145 545 1193 ministeria
565 1141 695 1193 durabunt
751 1151 797 1202 15,
805 1150 900 1201 Donec
913 1136 1157 1200 occurramuson-

125 1323 163 1370 tt.
174 1321 213 1370 tc
224 1317 467 1369 consummationem.
471 1351 541 1368 .......
554 1316 598 1369 Gr.
614 1316 647 1368 atl
659 1316 912 1379 coagmentationem.
933 1314 991 1379 syr.
1005 1315 1040 1366 ccl
1052 1314 1155 1379 complc-

93 1394 236 1520 miiztpllitcat
246 1459 320 1518 culus
328 1457 364 1504 rei
378 1456 457 1516 gratia
466 1455 581 1505 Christus
591 1454 645 1506 haec
654 1456 730 1518 sopra
739 1454 808 1504 dicta
817 1453 1009 1504 donatldellbns
1019 1453 1153 1504 (listrllm

122 1526 152 1576 ln
164 1525 212 1574 hac
223 1530 309 1574 autem
324 1521 491 1586 explicatione
501 1521 601 1572 videtur
617 1535 671 1572 esse
688 1522 805 1584 quadam
819 1523 1003 1585 transposltlo;
1014 1521 1077 1573 ortlo
1092 1523 1153 1573 enm

94 1593 218 1645 naturalis
229 1593 331 1643 videtur
344 1592 470 1655 postulare
482 1596 511 1642 ut
522 1593 559 1642 sic
569 1595 730 1663 construatur
741 1610 748 1642 ι

123 1680 155 1729 Io
168 1691 231 1741 opus
240 1677 390 1736 ministerii,
401 1677 429 1726 ic
443 1676 663 1739 aedificationem...
681 1677 716 1726 cti
728 1676 998 1727 consummationem...

123 1747 186 1810 Quia
200 1747 270 1810 priris
281 1751 319 1797 est
338 1749 498 1808 ministrare,
512 1750 572 1807 etc„
583 1758 613 1795 er
624 1745 792 1796 ministrando
803 1744 927 1795 adificare
938 1758 1033 1809 corpus
1048 1746 1150 1808 Christi,

94 1829 139 1867 scu
153 1816 311 1867 Ecclesiam:
324 1829 353 1867 er
368 1829 418 1879 qno
431 1818 544 1878 sequitur
561 1819 708 1866 sanctornm
725 1815 854 1879 perfectio.

122 1887 175 1938 Hoc
189 1889 265 1937 etiam
279 1887 375 1937 indicat
386 1886 510 1950 particula
523 1885 610 1936 Graeca
621 1883 695 1946 πρὸς,
711 1887 761 1944 cc,
772 1885 898 1948 significat
910 1887 982 1936 enlm
996 1885 1084 1937 finem

123 1957 192 2008 Finis
203 1970 260 2019 ergo
276 1957 400 2006 donorum
413 1957 458 2006 Ilei
474 1960 499 2006 et
514 1958 715 2006 ministeriorum
725 1954 758 2005 ab
768 1967 797 2005 eo
808 1957 837 2005 ln
847 1954 961 2006 Ecclesia
974 1959 1147 2016 institutorum,

95 2030 292 2078 namnetorum
306 2028 510 2087 consummatio,
525 2029 579 2076 tam
589 2028 616 2075 ln
625 2026 730 2076 scientia
741 2024 815 2087 ndat,
824 2025 902 2086 quam
920 2026 949 2075 lrr
959 2027 1085 2077 moribus.

123 2111 153 2158 ln
167 2123 230 2170 opus
246 2110 390 2158 ministerii.

70 2212 73 2217 .
122 2176 249 2225 litantem
259 2177 313 2225 haec
325 2180 470 2226 sanctorum
480 2178 665 2226 consommatio
676 2175 720 2225 ilat
729 2175 891 2236 inEcclcsla,
901 2175 1020 2227 Christus
1033 2178 1146 2227 ministros

95 2247 221 2305 instituit,
234 2247 261 2293 in
278 2257 342 2306 opas
361 2245 509 2303 ministerii,
521 2246 548 2294 iti
561 2251 614 2304 cst,
634 2249 663 2294 ut
678 2251 831 2307 operentur.
846 2250 874 2294 ut
887 2244 1018 2307 laborent,
1030 2251 1059 2295 ut
1070 2248 1145 2296 minis-

94 2319 179 2372 trent;
192 2315 216 2360 et
229 2318 410 2373 consequenter
421 2318 449 2362 ut
460 2312 489 2362 eo
500 2314 557 2376 pitis
569 2314 683 2364 mliorent
695 2316 721 2362 et
733 2315 895 2374 ministrent,
908 2313 959 2376 quo
972 2318 1058 2377 majus
1068 2314 1145 2365 habent

96 2383 123 2429 in
135 2379 246 2430 Ecclesia
262 2383 441 2432 ministerium.

123 2465 154 2512 Io
164 2464 354 2525 edificationem
365 2468 478 2528 corporis
491 2465 593 2517 Christi.

124 2534 156 2584 Ut
166 2534 213 2582 hac
228 2535 329 2584 illorum
342 2534 550 2598 operti,iicclcsia
560 2574 567 2598 ,
579 2550 635 2598 qua
647 2541 685 2587 est
695 2539 832 2599 mysticum
844 2536 939 2586 ChrIsti
960 2549 1067 2600 corpus,
1079 2534 1144 2588 edili·

95 2609 180 2665 cetur,
202 2605 372 2668 compleatur,
384 2606 544 2669 perilciatur,
559 2619 611 2655 non
628 2611 740 2669 partium
754 2619 861 2656 numero
875 2606 996 2670 tantam,
1008 2608 1053 2658 secl
1066 2608 1144 2658 elain

94 2673 209 2735 gulosum
221 2676 419 2727 sanctificatione
429 2714 436 2736 ,
446 2677 480 2726 oti
491 2680 741 2736 consummationem,
758 2683 802 2726 etc.
916 2693 919 2697 ’

123 2762 281 2814 Oascamrro
293 2777 411 2815 nonoris.
419 2765 483 2816 ilinc
496 2777 554 2828 ergo
565 2764 649 2825 disce,
661 2763 755 2814 Christi
766 2765 891 2823 minister,
901 2763 1056 2828 quacunque
1066 2763 1143 2826 fulget

95 2830 214 2893 dignitato
226 2871 232 2893 ,
247 2834 279 2882 ad
291 2834 352 2896 quid
363 2834 406 2883 illa
417 2835 463 2883 tibi
476 2834 533 2883 data
547 2837 589 2884 sit.

123 2901 176 2949 lton
187 2901 219 2950 aci
231 2904 311 2950 otium
326 2906 350 2950 et
361 2904 440 2950 vitam
453 2901 571 2963 mollem,
583 2902 626 2952 sed
637 2901 669 2951 ati
681 2914 760 2963 opus,
774 2905 799 2950 ot
810 2903 838 2948 nt
848 2899 951 2949 strenue
963 2901 1072 2952 labores.

121 2970 176 3054 lton
189 2970 222 3020 ad
237 2972 374 3034 imperium
394 2974 419 3019 et
433 2970 648 3030 dominationem,
668 2970 711 3019 sed
729 2970 762 3019 ad
777 2971 963 3032 ministerium,
984 2974 1013 3020 ut
1027 2968 1141 3022 humliter

93 3045 442 3171 mliillosrirafgoestructlonem,
456 3110 499 3160 sed
514 3110 546 3159 ad
562 3063 764 3159 edificationem.

123 3179 231 3297 licis&
251 3184 324 3229 tuum
337 3181 468 3242 proprium
479 3179 576 3228 honum
597 3184 721 3241 tuumque
742 3173 921 3241 commodum,
934 3179 980 3230 sed
995 3180 1029 3230 ad
1042 3177 1148 3236 Ecdeme,

94 3250 177 3366 ¹¹¹illoc
193 3284 311 3367 nc'tusm
325 3317 430 3381 gloriam
436 3355 444 3380 ,
462 3318 506 3368 scd
516 3318 549 3367 ati
561 3316 653 3368 Christi
664 3317 783 3380 gloriam,
798 3319 827 3366 ut
837 3320 938 3366 sanctos
949 3321 976 3367 et
986 3316 1077 3370 electos
1087 3316 1142 3368 illim

92 3398 314 3504 coliixcmcltesciisce
328 3454 396 3516 qnod
411 3455 461 3517 quo
474 3457 557 3515 majus
568 3455 646 3506 habes
658 3456 686 3504 ln
701 3453 813 3504 Ecclesia
827 3456 1017 3518 ministerium,
1032 3456 1062 3506 eo
1075 3451 1140 3514 magis

94 3526 187 3574 teneris
198 3526 294 3585 opororl
306 3527 330 3572 et
341 3526 501 3584 ministrare;

122 3591 155 3641 Et
173 3592 228 3641 idco
244 3597 345 3655 propter
358 3597 433 3644 taum
452 3593 559 3657 gradum
576 3605 628 3642 non
644 3590 727 3641 extolli
740 3595 786 3641 aut
801 3591 947 3656 superbire,
961 3592 1007 3644 sed
1021 3590 1140 3644 comitae

92 3660 330 3710 ottremcredebes.
1165 3661 1167 3666 ’

66 3740 72 3805 ¹,
120 3726 185 3793 stola
196 3729 362 3779 amomum
371 3729 499 3793 judiciam
514 3730 548 3779 ilc
561 3731 606 3792 ccc·
618 3735 737 3792 prosam.

123 3814 163 3867 ta.
175 3814 258 3869 vom
270 3828 433 3865 mmmmm
446 3828 567 3866 omnem..
578 3815 656 3878 Syrus
668 3835 674 3864 ι
687 3815 767 3865 donec
780 3816 860 3864 amus
876 3826 966 3866 omnes
985 3828 1067 3866 unum
1076 3808 1137 3876 quid·

175 3882 206 3935 ili
213 3878 264 3933 Hc
272 3887 300 3932 et
315 3883 344 3932 ln
354 3883 496 3945 cognitone
507 3883 564 3934 Filii
575 3883 619 3934 ilci
627 3920 635 3946 ,
643 3889 668 3934 et
679 3896 745 3935 unus
754 3884 794 3935 sir
805 3883 947 3947 perlectus,
964 3885 993 3935 tn
1007 3887 1137 3934 mensuram

20 3860 194 4164 ἑ
206 3946 449 4015 ptmtsconcns
1186 4026 1191 4319 Ι
