2512 4424
316 252 486 307 tntum
504 253 728 309 Expostulo.
749 253 829 309 CAP.
849 257 905 309 111.
1105 255 1143 310 27

110 461 1142 501 mmmmm

254 666 514 749 ANALYSIS
542 665 751 748 CAPITIS
779 667 969 750 TERTII.

101 1003 184 1106 puro
200 1066 283 1107 rerau
302 1052 425 1108 ooourrit
444 1051 669 1106 adversariorum
686 1065 802 1105 suorum
825 1050 985 1116 calumnie,
1006 1066 1091 1120 quam
1112 1055 1143 1107 in

101 1134 147 1189 ilos
156 1141 323 1204 retorqueat.
343 1136 386 1188 An
402 1136 605 1203 nosmetipsos,
618 1135 724 1203 inquit,
735 1135 987 1190 commendamus?

125 1218 146 1288 i.
157 1223 181 1273 i.
191 1220 352 1288 Respondet
363 1219 442 1288 quod
455 1233 514 1272 non
522 1236 531 1285 ;
544 1219 685 1287 quiores,
699 1219 716 1272 d
729 1219 863 1272 Corinthii
873 1218 880 1272 l
891 1225 984 1272 nostra
998 1219 1065 1273 estis
1076 1221 1143 1286 Epi-

100 1303 153 1356 oola
166 1303 392 1357 commendatitia
396 1321 405 1370 ;
415 1308 505 1357 restra
518 1317 568 1369 per
581 1317 626 1357 me
638 1303 674 1356 ad
686 1303 824 1357 Christum
839 1303 999 1368 conversio,
1013 1304 1144 1357 omuibus

98 1391 165 1451 nota,
178 1385 304 1440 mesatis
317 1385 421 1452 ubique
435 1386 621 1440 commendat.

122 1469 308 1537 i.d.1‚enitet
320 1469 438 1536 explicat
450 1469 505 1522 hoo
517 1470 594 1537 quod
611 1470 680 1524 dixit
692 1486 701 1524 r
713 1467 852 1538 Epistola
863 1472 967 1524 ooatra
978 1470 1062 1536 eatis,
1073 1469 1143 1536 quin

96 1552 173 1618 potius
194 1553 318 1620 Epistola
339 1553 407 1607 estio
422 1553 540 1619 Christi,
562 1560 659 1608 nostro
677 1553 831 1607 ministerio
853 1553 970 1618 scripta,
989 1567 1048 1605 non
1068 1558 1143 1604 atra-

97 1642 192 1702 mento,
205 1637 257 1690 aed
269 1636 375 1703 Spiritu
393 1636 463 1702 llei3
480 1636 582 1690 nonin
600 1637 691 1692 ooxeie
710 1635 827 1701 tabulis,
844 1635 894 1688 sed
914 1635 944 1687 in
959 1635 1060 1689 tabulis
1070 1636 1143 1690 mol-

95 1719 153 1772 libus
166 1719 260 1774 cordis
276 1719 370 1774 rostri.

49 1854 53 1859 ,
121 1805 144 1871 i.
156 1807 182 1870 l,
192 1807 219 1858 5.
238 1803 327 1872 liujus
340 1804 383 1859 rei
396 1803 512 1872 gloriam
528 1809 614 1858 totam
634 1805 664 1858 in
679 1808 768 1859 Deum
785 1802 917 1857 refundit.
937 1806 995 1857 lioo
1012 1805 1143 1872 equidem

95 1887 162 1939 uobis
182 1888 262 1940 valde
288 1888 441 1954 gloriosum
459 1893 516 1952 est,
540 1888 590 1941 sed
611 1888 671 1942 haec
691 1888 795 1956 gloria,
817 1901 875 1940 non
897 1887 915 1940 d
936 1887 1034 1952 nobis,
1055 1888 1105 1941 sed
1127 1889 1144 1939 'a

95 1969 200 2036 Christo;
214 1984 272 2023 uon
289 1971 319 2023 in
339 1970 438 2036 uoltis,
458 1971 509 2025 oed
520 1972 550 2024 iu
563 1973 633 2036 Deo,
654 1971 773 2038 quinos
790 1984 824 2024 ex
842 1971 957 2024 omniuo
972 1971 1143 2025 insufficien-

96 2052 171 2124 ulrua‚
184 2052 309 2107 reddidit
319 2053 356 2106 ad
371 2059 479 2108 tautum
494 2054 681 2109 ministerium
693 2054 820 2108 idoneos.

121 2136 146 2204 i.
157 2139 181 2190 6.
195 2139 284 2191 suum
303 2138 498 2206 Evangelioum
520 2138 705 2192 ministerium
722 2137 829 2192 confert
848 2150 913 2191 cum
929 2135 1070 2192 llosaieo:
1088 2136 1144 2191 hoo

96 2217 136 2272 fuit
144 2220 328 2274 ministerium
336 2221 436 2275 litterae
448 2221 617 2287 oooideutis3
632 2221 700 2275 illud
717 2226 760 2274 est
777 2220 963 2274 ministerium
974 2219 1093 2287 Spiritus
1102 2221 1144 2273 vi-

96 2301 224 2356 tilloautis.

123 2385 146 2453 i.
157 2389 180 2449 l,
193 2389 220 2449 8,
233 2387 261 2449 9,
278 2387 324 2449 10,
335 2389 380 2438 11.
394 2386 443 2439 Sui
457 2385 605 2441 ministerii
621 2387 739 2453 gloriam
754 2386 865 2454 prefert
876 2385 987 2440 llooaioi
997 2381 1144 2440 ministerii

98 2467 173 2533 glorie
185 2485 193 2523 ι
206 2470 235 2522 si
248 2467 434 2522 ministerium
453 2470 566 2537 litterae,
580 2471 680 2524 mortio
691 2476 719 2524 et
734 2471 930 2534 damnationis,
945 2470 982 2522 ita
993 2469 1046 2523 fuit
1056 2471 1144 2538 ltoysi

98 2549 238 2617 gloriosum,
248 2550 355 2619 quanto
363 2550 452 2620 magis
460 2554 656 2620 Evangelioum
664 2553 792 2620 spiritis,
799 2552 913 2620 justitiae
925 2557 953 2606 et
959 2553 1021 2606 uitae
1032 2558 1144 2607 aeternae

99 2631 264 2688 ministerium
280 2634 421 2701 Apostolio
435 2635 488 2689 erit
505 2635 657 2704 gloriosum
668 2635 676 2690 t
688 2638 765 2690 llulla
781 2636 854 2690 inter
868 2641 1017 2702 utramque
1028 2636 1143 2703 gloriam

99 2717 259 2784 renouatio.
930 2758 933 2765 .

124 2798 148 2865 i.
156 2803 199 2854 12.
218 2799 333 2854 confert
345 2813 429 2853 udum
445 2799 490 2853 oui
505 2799 653 2854 ministerii
664 2815 729 2856 eum
748 2801 834 2855 modo
856 2813 913 2868 quo
932 2802 1039 2868 ltoyses
1060 2813 1143 2853 suum

101 2883 243 2948 tremebat,
256 2880 426 2949 profertque
444 2894 525 2934 suum
538 2881 669 2935 lfosaioo.

126 2964 173 3018 illo
185 2963 369 3034 praecellentis
384 2963 480 3032 gloriar
495 2979 545 3032 epe
556 2964 669 3017 animati
692 2977 745 3018 nos
762 2965 906 3032 Apostoli,
923 2966 1007 3033 longi,
1020 2963 1143 3032 apertius

103 3047 189 3111 agimus
200 3061 233 3102 ao
251 3046 395 3117 loquimur
414 3060 499 3114 quam
509 3050 618 3116 lloyses
632 3065 640 3101 a
652 3047 812 3103 hlotudaeis
831 3049 1096 3113 locuturus,uelum
1113 3048 1143 3100 in

104 3123 181 3184 faeiem
196 3144 276 3185 suam
287 3129 446 3198 injiciebat3
459 3145 513 3185 nos
524 3145 581 3185 uon
594 3131 633 3185 ita
643 3171 651 3198 ,
662 3131 713 3186 sed
727 3134 823 3200 aperte
834 3132 984 3199 loquimur.

129 3209 152 3278 i.
163 3217 204 3268 ll.
216 3214 330 3283 llystiod
342 3214 460 3281 explicat
480 3214 581 3282 lloyaio
597 3215 721 3269 velamen
738 3216 893 3284 :figurabat
909 3214 1074 3268 hodiernam
1092 3216 1144 3268 tu·

46 3326 48 3331 -
107 3287 208 3350 tl'aeorum
221 3297 390 3362 coecitatem,
403 3296 453 3364 qui
464 3297 602 3352 Christum
613 3298 642 3350 in
659 3299 760 3366 lloysia
776 3299 884 3367 fulgore
896 3299 1043 3367 figuratum
1060 3296 1143 3349 etiam

107 3384 164 3430 luno
172 3393 224 3433 nou
235 3379 341 3435 rident.

46 3492 48 3525 :
134 3455 204 3524 ito.
220 3463 352 3516 velamen
369 3460 473 3517 habent
491 3475 577 3532 super
588 3475 650 3530 eor,
663 3465 741 3532 quod
759 3477 810 3532 per
820 3463 931 3516 illorum
949 3459 1140 3517 addhrtstum

46 3538 48 3545 '
110 3543 290 3602 ourouionem
303 3538 452 3606 auferetur.
