2512 4424
325 219 493 273 rnrruux
511 222 736 278 uxrosrrro.
756 223 838 278 etr.
858 225 896 275 11.
1103 224 1136 277 aa
1188 186 1191 192 ’

126 307 518 380 t.Suflcitilli,quiejusmodt
570 316 668 368 Suiiicit
695 316 757 377 tali,
783 328 835 366 non
861 313 979 374 nomino,
998 311 1138 376 obiurgatio
1241 304 1244 313 '

48 411 50 419 ›
103 392 140 450 est,
149 386 299 457 objurgatio
319 389 398 457 hoec,
412 404 476 459 quae
487 393 518 445 ιιι
537 383 656 445 publica,
670 387 695 433 et
716 385 819 444 eiectio,
835 393 892 444 qua
908 383 931 430 ci
942 417 950 442 ,
961 381 976 430 t
988 381 1059 430 vobis
1074 395 1135 432 cou-

48 490 50 499 .
102 465 252 532 pplfflffius,
540 453 659 512 gregatis,
672 450 738 501 tacta
751 456 798 501 cst.

125 546 144 596 i.
157 546 260 600 itauie
275 546 416 600 contrario
428 545 517 614 magis
570 541 606 590 lta
628 545 658 591 ut
677 542 691 592 d
712 543 838 592 contrario
857 541 950 602 relim,
967 542 1066 612 utipsi
1083 544 1137 602 iam

48 642 52 653 .
102 619 245 686 ponpig‚et
264 623 517 688 oenw10m1n1‚ne
539 611 671 670 poenitenti
693 610 856 671 condonetis,
878 615 903 660 et
925 610 998 660 illum
1025 610 1138 661 console·

101 695 151 751 song
175 699 372 753 abundantiori
406 701 516 755 uisum
538 681 620 740 mini,
635 693 667 729 ue
688 679 751 730 lortt
767 682 902 732 immodico
924 694 1031 731 moerore
1044 683 1136 732 obruu-

48 796 53 819 ,.
101 773 255 830 absorbeam„
262 777 311 844 qui
320 776 456 844 ejusmodi
463 785 514 832 est·
538 752 596 808 tur,
608 753 633 797 et
646 750 674 798 iu
691 749 839 800 barathrum
856 750 1036 813 desperationis
1053 751 1136 801 cadat.

48 847 53 895 ἑ
123 853 144 904 g,
159 855 273 921 pfopger
295 853 374 920 quod
399 854 516 908 obsecro
568 844 723 907 Quapropter
734 844 838 895 obsecro
848 856 909 906 vos,
925 849 953 894 ut
973 844 1073 908 publico
1090 844 1136 895 de·

48 950 54 973 ,
101 940 148 994 pos,
159 935 187 983 ug
203 930 375 984 confirmetis
389 931 420 984 in
438 931 515 985 fflum
537 918 709 974 creto,ratam
720 913 870 975 ilrmamque
880 911 1096 962 lactatisvestram
1107 914 1135 963 in

101 1004 244 1061 choniatem.
537 996 596 1032 eum
612 982 771 1032 charitatem.

48 1140 53 1221 J
100 1155 161 1212 porte;
175 1150 266 1212 idest,
285 1149 375 1201 saltem
390 1151 565 1216 aliquatenus,
581 1155 617 1202 ita
635 1156 664 1202 ut
679 1163 724 1202 ros
737 1162 789 1201 non
807 1164 941 1213 accusem,
956 1153 1028 1213 quasi
1042 1152 1133 1203 delicto

48 1282 52 1357 ξ
101 1223 445 1355 Ἥιηῗὲἷθέὴηεοεωωυε
461 1292 535 1344 allier
554 1293 621 1344 hanc
639 1291 757 1343 ultimam
771 1296 885 1356 partem,
906 1298 935 1342 ai
951 1306 1001 1342 noc
1016 1305 1131 1350 onmem,

48 1374 51 1423 ζ
100 1357 187 1418 enimi.
196 1358 269 1418 iiixl,
282 1374 312 1411 ec
324 1368 410 1424 porto,
422 1375 474 1412 uon
488 1362 555 1425 quod
566 1375 611 1412 ros
630 1364 755 1412 minorem
769 1362 828 1411 lnde
842 1374 975 1411 moerorem
987 1362 1132 1424 acceperitis

48 1430 50 1439 ’
99 1426 152 1485 tatu
161 1439 202 1490 ego
211 1464 218 1488 ,
227 1428 272 1478 sed
281 1441 314 1478 nc
325 1429 398 1480 illum
407 1432 465 1492 ,qui
481 1435 597 1493 stuprum
608 1434 774 1494 perpetravit,
784 1431 894 1481 nimium
908 1443 1019 1480 onerem.

119 1495 141 1545 lli
152 1496 319 1559 nduigentits
329 1512 388 1550 cum
404 1511 433 1549 eo
444 1512 561 1562 agerem,
572 1500 638 1561 diri,
652 1515 681 1551 ec
693 1507 775 1564 porte.

118 1581 136 1627 t.
148 1579 242 1643 sufficit
256 1580 314 1640 tiit,
331 1582 415 1644 pat...
428 1595 475 1633 nec
487 1595 546 1632 eum
564 1585 695 1645 nominat,
712 1596 758 1634 uec
773 1585 870 1646 peccati
885 1583 954 1634 illius
974 1587 1130 1634 mentionem

99 1644 150 1708 lacit,
160 1652 215 1711 quia
230 1653 363 1714 paenitenti
377 1651 433 1701 vult
446 1652 629 1715 indulgentiam
641 1655 774 1715 impertiri.

117 1715 282 1780 tdorintbiis,
292 1719 408 1782 Apostolo
417 1721 521 1780 jubente
533 1722 560 1770 iu
573 1722 654 1782 prima
666 1721 787 1783 Epistola,
798 1719 896 1784 publice
908 1725 1046 1783 correptus,
1054 1721 1126 1771 dam·

98 1788 151 1835 natus
159 1790 182 1837 et
191 1791 423 1840 excommunicatus
434 1789 514 1839 iuerat
526 1792 683 1840 incestuosus
692 1789 735 1839 ille
741 1811 748 1852 t
758 1790 801 1840 sed
810 1792 869 1851 qula
880 1790 912 1838 ad
923 1794 1034 1840 mentem
1044 1791 1127 1851 rediit,

97 1855 203 1906 cisiucert
217 1858 367 1920 pmuitentlt
383 1861 479 1908 crimen
496 1861 598 1921 agnorlt
608 1896 615 1919 ,
626 1871 685 1908 cum
695 1862 868 1922 -poenitentem
885 1858 941 1908 vult
953 1858 1085 1921 Apostolus
1097 1861 1128 1910 ab

97 1928 326 1976 excommunicatione
341 1927 436 1977 absolvi
447 1934 472 1979 et
485 1931 511 1977 in
521 1931 656 1991 pristinum
668 1932 762 1979 statum
773 1929 881 1978 restitui.

117 1998 202 2063 Sufficit
218 2001 277 2060 iili,
290 2003 334 2061 qui
348 2013 393 2051 vos
404 2005 430 2051 ct
439 2013 480 2051 me
491 2004 662 2063 contristavit,
674 2003 762 2063 idest,
774 2004 916 2052 incestuoso
926 2001 1018 2052 suiilclt
1028 2002 1061 2052 ad
1073 2014 1128 2064 pre-

48 2084 50 2129 ;
97 2078 139 2116 uam
147 2081 186 2130 pro
196 2068 287 2119 delicto
300 2082 352 2118 suo
361 2068 552 2120 satisfactorium
562 2109 569 2131 ‚
579 2071 679 2133 publica
691 2069 986 2134 objurgatio,contuslo,
1003 2074 1029 2120 et
1037 2071 1069 2120 ab
1080 2070 1129 2120 Ec·

96 2133 151 2186 alesia
159 2139 258 2198 eiectio,
269 2139 351 2200 quad
362 2140 433 2189 robis
444 2142 597 2201 congregatis
611 2140 675 2191 iacta
689 2145 736 2191 est.

48 2214 50 2229 ¹
118 2210 313 2274 dalmaticati
324 2211 392 2262 itlius
403 2213 559 2274 infirmitate,
567 2219 592 2264 et
601 2216 712 2277 spectata
723 2215 791 2266 illius
801 2215 958 2277 poenitentia,
969 2227 1026 2276 quae
1036 2226 1128 2275 magna

96 2276 203 2339 luit3cdm
214 2285 305 2332 timeat
314 2281 456 2344 Apostolus,
466 2295 499 2332 ue
510 2285 590 2332 nimio
602 2295 708 2334 moerore
721 2285 890 2335 absorbeatur.
1075 2331 1079 2340 ,

116 2345 167 2398 ilinc
177 2349 241 2401 disce
253 2351 416 2415 poenitentias
429 2349 606 2402 satisfactorias
618 2364 672 2402 esse
686 2354 798 2416 corporis
813 2357 839 2402 et
857 2353 949 2401 anima
961 2351 1058 2401 viribus
1068 2361 1128 2412 pro·

95 2418 254 2474 contonantes.

48 2540 50 2545 ,
116 2482 273 2540 Animadverte
285 2492 312 2540 et
322 2489 366 2540 bic
377 2489 591 2552 indulgentiarum
609 2491 742 2552 originem.
751 2490 792 2541 Sic
805 2492 874 2540 enim
886 2488 980 2539 suiilclt
990 2489 1127 2536 incestuosi

95 2556 310 2619 boamundanae
319 2563 406 2609 tamen
417 2562 441 2609 el
454 2560 604 2611 condonatio
617 2580 623 2610 ε
636 2561 791 2624 indulgentia
803 2565 828 2611 et
838 2560 958 2611 relaxatio
970 2556 1127 2615 conceditur,

96 2624 117 2668 rt
125 2628 179 2684 potat
189 2639 218 2677 ex
226 2641 302 2679 versu
315 2633 444 2691 sequente.

48 2726 51 2737 ·
117 2706 175 2756 tito
184 2708 399 2761 eticonis-orio...
408 2712 518 2774 scillcet,
529 2712 605 2762 velim
616 2750 624 2773 ,
634 2716 663 2762 ut
676 2714 724 2775 ipsi
739 2714 793 2771 iam
808 2712 940 2774 paenitenti
953 2713 978 2758 et
993 2706 1128 2756 humiliato

48 2788 51 2825 r
95 2771 336 2897 ξὲῑῖἓῗηιιοὶῐξῶῗέἒΐὲἐ
346 2779 491 2843 impositam
503 2783 527 2831 ei
541 2793 643 2845 poenam
656 2781 820 2840 rembtentes,
830 2789 940 2840 eumque
951 2777 980 2825 in
991 2777 1129 2838 pristinum

116 2913 140 2962 iit
153 2921 319 2981 consolemini,
334 2881 422 2972 brunia
435 2925 460 2973 ei
477 2926 571 2975 amoris
591 2926 663 2986 signa
682 2922 828 2973 exhibentes
842 2939 849 2972 r
862 2932 896 2970 ne
913 2918 978 2969 torta
992 2916 1129 2967 immodico

95 2988 175 3105 31:351on
183 2988 317 3051 obruatur,
326 2989 498 3056 demergatur,
506 2996 532 3042 et
542 2995 569 3042 in
580 2992 728 3042 barathrum
738 2991 920 3054 desperationis
929 2986 1012 3047 cadat,
1021 2986 1069 3035 eit
1079 2984 1129 3035 ilde

116 3117 152 3170 Sto
163 3128 189 3174 ut
198 3128 233 3176 ait
245 3127 414 3189 Ambrosius,
428 3131 454 3178 et
464 3133 520 3192 post
536 3144 596 3181 eum
612 3131 638 3180 S.
652 3130 799 3190 anselmus,
815 3141 848 3178 ne
860 3127 961 3176 diutius
972 3122 1062 3174 ridens
1074 3136 1101 3173 se
1113 3124 1128 3173 t

48 3228 51 3235 .
96 3193 168 3242 tonan
180 3199 275 3258 sperni,
286 3197 423 3260 desperans
443 3198 474 3248 de
487 3212 531 3260 se,
543 3201 585 3250 dot
599 3203 714 3251 animum
728 3199 761 3250 ad
773 3197 872 3248 mundo
888 3193 1043 3253 fruendum,
1057 3196 1128 3255 omri

95 3258 125 3313 lll
134 3259 205 3315 locum
218 3266 286 3329 apud
297 3267 378 3316 iteum
390 3269 443 3328 jam
456 3281 506 3318 non
518 3270 617 3320 babeat.

48 3330 50 3335 '
115 3324 153 3379 Hoc
161 3338 193 3383 est
202 3338 271 3385 enim
278 3355 285 3397 ;
297 3337 313 3384 d
327 3337 418 3396 majori
430 3338 532 3387 tristitia
541 3339 667 3389 absorberi
677 3376 686 3398 ,
695 3337 871 3400 desperantem
882 3331 915 3382 de
926 3342 964 3392 ae,
974 3334 1085 3382 conecti
1096 3332 1127 3381 at

96 3393 216 3455 idntitcnda
227 3410 349 3469 peccata,
365 3406 457 3468 quibus
472 3412 589 3469 gravatus
604 3409 766 3458 absorbeatur
777 3408 792 3456 a
805 3408 890 3455 morte
901 3400 1024 3453 secundia.

48 3492 52 3503 ’
115 3479 237 3550 ti’rcpor
248 3489 349 3551 qood...
362 3500 395 3538 nc
411 3488 505 3539 scilicet
520 3490 690 3540 absorbeatur.

48 3602 50 3619 ,
114 3552 198 3632 ‚Oltam
208 3576 283 3613 coe...
300 3574 356 3613 non
367 3566 397 3611 ut
406 3569 543 3626 preceptor
556 3568 678 3627 imperat,
690 3563 734 3613 sed
747 3565 774 3611 ut
789 3560 934 3611 advocatos
944 3562 1032 3621 rogat,
1042 3558 1128 3609 osric

48 3636 52 3697 3
96 3615 136 3671 ibris
145 3627 167 3677 in
178 3630 314 3691 iudiciaria
326 3629 385 3679 sede
397 3633 498 3693 positis,
512 3634 548 3681 alt
559 3632 587 3683 l).
600 3632 803 3695 Chrysostomus.

48 3742 50 3747 .
114 3689 151 3744 liis
165 3710 218 3762 ergo
233 3698 350 3762 loquitur
365 3698 436 3748 velut
450 3699 579 3760 judicibus
589 3739 596 3762 ,
607 3713 717 3762 quorum
728 3699 850 3761 suiiraglo
867 3692 927 3747 vult
945 3696 1129 3755 imoensis,

48 3750 52 3857 i
95 3764 326 3884 &mmmmm
344 3766 389 3818 ³0⁶
402 3770 580 3832 omnitenens,
593 3769 695 3834 publico
713 3767 826 3829 absolvi,
839 3777 887 3817 eor
904 3769 976 3829 mi
998 3766 1064 3815 reiro.
1081 3780 1129 3827 pa-

116 3905 300 3982 limiensem
319 3914 365 3968 Gr.
381 3917 496 3980 κυρῶσαι,
513 3916 679 3978 confirmare,
696 3915 720 3967 id
743 3918 796 3979 cst,
808 3910 918 3981 patrico
932 3912 1028 3965 ozee-11.
1043 3962 1046 3967 ,
1066 3922 1087 3959 τ.
1105 3924 1126 3955 ιι
