2512 4424
311 132 483 188 uarat-ax
501 134 724 193 EXPOSITIO.
744 138 828 193 cie.
846 140 879 193 X.
1069 140 1125 194 109

63 223 113 288 Qui
127 221 158 278 ia
179 224 253 280 facie
264 227 379 294 quidem
396 229 507 283 humilis
560 228 629 290 Ego,
652 231 773 294 inquam,
789 235 847 295 qui,
865 234 895 283 nt
911 231 985 284 aiunt
1002 229 1125 283 obtrecta-

64 305 214 359 guminm
226 318 296 370 ω
529 300 594 346 tores
613 299 685 358 mei,
707 304 733 349 et
753 300 821 361 quod
842 300 906 350 mibi
924 303 1027 349 renunt
1045 301 1125 359 ritio;

527 362 589 490 {2¹3
603 365 673 478 ²apud
684 378 729 416 ros
739 380 797 417 sum
808 380 931 431 praesens,
943 366 1074 417 humiliter
1083 377 1126 416 me

63 500 171 554 Absens
181 505 278 554 autem
287 501 398 555 confido
413 502 442 555 in
454 516 505 556 vo.
558 498 590 546 lit
615 496 679 547 caim
694 498 784 549 absum
802 499 817 549 i
835 500 924 562 robis,
946 500 1082 562 audacter,
1103 503 1130 551 et

62 577 113 631 bis,
528 578 588 615 eum
605 569 755 616 auctoritate
768 569 795 617 ln
812 581 858 618 vos
870 582 925 631 age

95 657 318 723 2Rogoautem
329 672 379 712 ros
390 672 506 726 neprae-
557 653 624 718 Rogo
643 661 728 707 autem
748 671 808 719 ros,
826 671 858 709 ne
876 673 966 723 cogar,
981 661 1042 714 edm
1057 660 1125 726 apud

63 743 125 783 sens
136 732 258 786 audeam
267 774 275 797 ‚
285 747 335 802 per
344 749 406 788 eam
418 735 506 788 confi.
527 736 571 773 ves
583 737 642 787 ero,
659 725 689 775 ei
703 725 796 775 tidueii
810 729 862 787 uti,
880 729 930 788 qua
941 729 1031 780 absens
1041 732 1125 780 eristi·

63 807 197 874 dentiam,
212 810 269 877 qua
291 811 435 865 existimor
452 825 505 864 au,
527 804 582 841 mor
595 793 688 843 audere
696 813 704 854 ;
716 806 760 842 sea
770 831 777 854 ,
789 807 821 843 ne
833 807 906 856 cogar
920 809 1003 846 meam
1015 800 1126 859 potesta·

63 883 139 950 pm,
156 886 186 938 jn
199 888 355 954 quosdam,
369 889 417 954 qui
428 888 505 941 arbi,
526 865 578 909 tem
589 862 709 912 audacter
720 876 835 914 exercere
847 866 873 913 in
886 865 1007 926 quosdam
1016 866 1031 914 e
1040 866 1125 925 vobis,

63 967 504 1098 geppfflgpmffiu·
526 931 963 1051 itttreiiiulesiei·
981 934 1126 983 “iim

90 1215 156 1285 iliae
166 1215 344 1267 iurisconsulti
356 1217 492 1278 benignam
502 1217 564 1280 legis
576 1220 807 1281 interpretationem
819 1223 912 1271 nocant
922 1220 1055 1282 epiirelam.

88 1283 256 1335 Hamuetudo
266 1289 361 1346 spectat
371 1285 548 1348 adanimum,
565 1290 671 1339 comitas
687 1288 719 1338 ad
738 1292 964 1339 conversationem.

90 1353 246 1404 Admiranda
259 1355 320 1403 saud
334 1353 382 1404 tuit
396 1357 423 1403 in
437 1367 525 1405 omnes
537 1356 704 1406 mansuetudo
718 1362 744 1406 et
755 1361 861 1407 comitas
877 1359 970 1408 Christi
986 1376 993 1406 ε
1007 1359 1036 1406 at
1055 1355 1122 1407 bane

64 1434 111 1472 uon
125 1421 272 1472 mbandam
283 1421 372 1483 modo,
385 1422 430 1473 sed
442 1426 468 1472 et
486 1424 604 1473 omnibus
619 1424 769 1474 imitandam
785 1428 923 1489 proposuit.
935 1425 1026 1476 Daeite
1039 1423 1121 1482 dms,

63 1494 124 1554 poia
134 1492 206 1541 mitis
222 1504 294 1550 mm,
306 1497 351 1542 ete.

90 1561 208 1611 Ostendit
222 1560 264 1611 his
279 1561 362 1612 verbis
377 1559 408 1612 li.
426 1560 521 1611 erutus
534 1561 659 1624 quantam
670 1562 724 1613 hac
737 1563 829 1614 Cbnsti
840 1567 922 1614 virtus
934 1565 982 1615 sibi
995 1566 1028 1615 sit
1037 1563 1121 1626 cordi,

63 1631 137 1693 quim
150 1630 317 1692 obara,e1im
329 1644 374 1694 per
384 1645 441 1682 eam
452 1632 574 1682 obsecret.

90 1700 207 1751 Ostendit
219 1704 245 1750 et
254 1700 415 1763 simuiqoam
424 1701 483 1751 rere
493 1703 525 1750 sit
539 1701 608 1751 iilius
620 1704 741 1762 sectator,
753 1705 778 1751 et
788 1701 864 1763 cuim
874 1700 971 1751 sincere
982 1700 1042 1751 vellt
1051 1703 1123 1764 igno·

62 1783 146 1832 scere,
162 1782 216 1820 noa
234 1771 347 1833 punire,
365 1769 409 1820 aed
425 1782 518 1832 ,omnes
532 1770 565 1819 ad
583 1772 757 1832 penitentiam
772 1772 859 1821 reniae
881 1789 888 1819 z
913 1770 969 1819 ideo
987 1773 1058 1830 rogat
1078 1783 1122 1832 per

62 1839 154 1890 Christi
170 1837 412 1901 mansuetudinem,
431 1838 465 1889 'ne
486 1842 576 1900 cogant
593 1850 670 1899 eum,
691 1841 778 1888 contra
797 1839 864 1888 bane
882 1837 1122 1899 mansuetudinem,

61 1909 136 1958 trasei
144 1945 153 1971 ,
166 1909 276 1971 punire,
291 1911 340 1957 ete.

91 1977 168 2039 Quasi
182 1976 297 2026 diceret:
313 1976 350 2026 lie
364 1977 459 2038 eogatis
470 1986 511 2026 me
524 1973 630 2024 deiicere
640 1975 672 2024 ab
682 1973 731 2026 hae
747 1976 958 2037 mansuetudine,
972 1988 1049 2037 auam
1060 1976 1122 2027 adeo

62 2048 152 2110 cupio,
164 2049 196 2095 ut
206 2049 233 2095 et
245 2047 432 2095 intercessionis
442 2045 498 2095 loco
509 2056 565 2093 eam
578 2045 649 2094 vobis
662 2044 795 2105 objiciam,
807 2049 844 2095 ait
854 2046 1064 2113 Theopbylactus.
1094 2103 1097 2109 ,

93 2115 137 2166 Sic
152 2117 251 2166 inritus
270 2115 408 2174 irascatur,
426 2116 451 2163 et
463 2114 554 2176 puniat
564 2113 693 2175 superior,
708 2112 800 2164 Christi
812 2116 1014 2165 mansuetudinis
1025 2127 1123 2185 semper

61 2195 169 2234 memor.

94 2259 148 2319 Qui
159 2258 190 2308 s'a
201 2254 268 2321 faeie
279 2255 418 2318 cuidem...

89 2324 297 2388 Pseudoapostoli
307 2323 414 2374 Paulum
426 2326 633 2385 contemnentes,
647 2325 764 2375 dicebant
774 2362 781 2384 ,
792 2325 859 2386 cuod
867 2324 969 2386 quidem
979 2337 1088 2389 presens
1099 2331 1125 2374 et

62 2398 90 2446 in
107 2391 247 2460 conspectu
262 2394 368 2444 humilis
381 2397 435 2443 erat
452 2398 478 2442 ct
492 2395 615 2445 timidus:
631 2395 720 2444 absens
735 2394 810 2454 verb,
824 2394 907 2445 audax
917 2398 970 2451 erat
981 2397 1006 2447 et
1019 2397 1123 2453 minuar

61 2466 174 2528 macone
184 2463 408 2516 calumniabantur
421 2475 480 2513 eum
493 2466 565 2524 quasi
580 2464 723 2523 camalam,
735 2466 764 2510 ut
775 2464 801 2511 in
815 2477 842 2512 n.
854 2464 878 2511 2.

91 2535 152 2586 llaec
162 2537 251 2583 autem
264 2544 353 2582 eorum
363 2531 440 2581 rerba
451 2531 494 2581 hio
503 2533 610 2595 repetit,
627 2537 656 2580 ut
669 2531 824 2580 calumniam
836 2528 940 2586 refellat.

92 2612 148 2673 Epo
161 2608 244 2671 ipitur
254 2606 355 2656 Paulus
365 2606 425 2664 ille,
440 2606 513 2668 qai...
526 2605 587 2655 Vide
604 2604 787 2666 paraphrasim.

94 2686 217 2750 waddo,
237 2682 280 2733 Gr}
298 2679 397 2744 θαῤῥῶ,
415 2681 551 2732 liberaum
569 2686 594 2730 et
611 2680 702 2732 audax.

92 2773 118 2820 2.
135 2770 206 2832 liopo
216 2773 385 2817 outemooa...

92 2838 211 2902 Explicat
222 2840 247 2886 et
258 2836 356 2900 perlicit
368 2835 436 2898 qnod
449 2836 476 2884 in
492 2836 575 2898 primo
585 2846 659 2883 versu
673 2833 786 2896 incepit.
797 2833 858 2884 Vide
868 2832 1050 2896 paraphrasim.

93 2914 249 2971 Eairtimor,
260 2910 303 2961 Gr.
318 2912 399 2972 cogito
409 2946 417 2972 ,
428 2910 456 2960 id
468 2914 522 2970 est,
539 2909 663 2970 delibero,
675 2909 747 2971 quasi
759 2907 872 2957 nondum
883 2907 1081 2968 determinatus,
1094 2908 1124 2956 ut

63 2982 149 3033 Ιοοιιιιι
162 2981 206 3030 det
217 2981 380 3042 paenitentiae.

92 3050 218 3101 bieebant
226 3048 417 3107 obtrectatores,
427 3044 534 3095 Paulum
542 3048 691 3107 presentem
702 3045 790 3094 mitius
799 3058 881 3107 agere,
894 3045 1023 3107 captanda
1038 3047 1123 3108 gratiae

64 3118 159 3180 causi,
176 3120 202 3167 at
220 3115 394 3178 improborum
411 3115 513 3163 otiensae
529 3118 598 3163 metu
614 3133 620 3162 ι
639 3115 769 3164 absentem
788 3115 847 3164 verb
865 3114 954 3164 durius
972 3127 1061 3176 agere,
1083 3114 1123 3165 sui
1188 3117 1191 3122 “

65 3190 167 3239 timoris
183 3191 210 3238 et
230 3186 376 3237 reverentia
396 3184 549 3234 incutienda
562 3183 651 3245 gratia.

94 3257 212 3318 uinaque
231 3252 372 3303 interabant
382 3251 449 3315 quod
460 3254 488 3302 ia
501 3252 629 3314 Evangelii
643 3253 782 3302 ministerio
800 3251 891 3302 mediis
906 3254 1018 3302 uterdur
1033 3265 1126 3304 carna-

65 3328 147 3388 libus,
159 3325 274 3384 astutia,
292 3327 318 3372 et
332 3322 465 3385 prudentia
480 3322 588 3372 seculari
606 3325 632 3370 et
646 3321 757 3383 politice.

95 3396 166 3446 ilaue
179 3392 338 3445 calumniam
352 3389 442 3440 refellit
451 3404 479 3440 n.
493 3394 516 3440 3.
846 3404 848 3407 ·

94 3464 159 3515 ilino
175 3463 245 3512 disee
253 3459 323 3522 quod
333 3460 478 3517 carnalibus¹
487 3460 574 3509 omnia
583 3457 709 3519 earnalia3
722 3462 747 3508 et
758 3456 813 3507 ldeo
824 3457 961 3520 spiritualis
971 3457 1048 3509 bomo
1061 3470 1125 3510 sem-

67 3545 110 3596 per
121 3533 153 3582 ab
165 3531 254 3591 aliquo
265 3531 397 3591 spernetur
407 3533 432 3577 et
441 3529 598 3591 reputabitur
612 3532 640 3577 ut
656 3526 772 3576 earnalis.
1084 3577 1086 3581 ,

96 3601 162 3651 ilinc
173 3599 258 3650 diseat
269 3601 294 3645 ct
304 3599 417 3657 superior
430 3597 580 3660 spiritualis,
593 3597 661 3658 qnod
671 3609 770 3658 quoquo
780 3594 854 3644 modo
865 3607 892 3645 se
902 3597 983 3656 gerat,
996 3595 1027 3644 ab
1040 3595 1123 3654 aliquo

70 3668 248 3720 damnabitur:
262 3666 284 3714 ei
294 3665 425 3716 humiliter
435 3679 462 3715 se
473 3669 557 3728 gerat,
569 3668 674 3727 ignavas
682 3668 707 3714 et
716 3664 847 3714 blandiens
854 3683 863 3727 i
873 3665 894 3713 sl
906 3672 966 3712 cum
976 3664 1124 3712 auctoritato

71 3741 125 3802 agat
139 3741 164 3787 et
177 3735 311 3797 loquatur,
325 3735 446 3795 superbas
463 3735 628 3798 reputabitur.

100 3806 157 3856 liae
169 3816 222 3856 aaa
240 3801 255 3852 e
275 3802 410 3852 ministerii
420 3802 635 3867 persecutionibus
653 3804 708 3864 est;
723 3805 780 3864 agat
795 3811 880 3852 coram
898 3801 948 3851 lieo
966 3796 1032 3860 qood
1047 3807 1123 3848 auum
