2512 4424
148 282 203 334 111
317 280 501 334 securium
520 277 722 330 nursroum
741 277 789 327 an
807 234 1047 328 conrnrnro's

147 377 314 437 nosmetipsos
335 381 421 424 nostro
441 376 513 435 quasi
528 373 591 435 pede
608 373 744 428 metimur,
767 369 954 435 nosmetipsos
990 366 1158 428 metientes,
1185 368 1212 418 et

147 455 244 504 ¹¹⁰⁸(lull
257 443 537 502 11⁰bi⁸0⁰¹112ss⁰ss⁶¹¹¹11
549 441 605 489 aliis
616 449 746 500 minim·
767 441 1213 512 comparantesnosmetipsosno·

147 524 223 572 mus;
236 510 319 561 multo
331 512 417 561 minuis
428 525 474 561 uos
487 510 537 560 illis
549 508 715 572 praeierlmus.
767 524 819 574 bis·

177 603 228 652 llos
240 608 326 653 antem
341 616 392 652 non
414 603 577 665 gloriabimur
594 613 670 663 supra
689 613 745 649 mo-
800 588 1025 653 saltuarium
1037 611 1100 650 non
1115 596 1212 649 inim·

147 669 227 730 dum,
247 675 277 719 ut
298 670 419 731 quidam,
440 670 484 718 sed
503 670 662 718 manebimus
681 668 746 716 intra
769 673 1213 744 mensumgpofigbpmuggedgg.

147 735 242 785 limites
257 749 320 797 quos
339 738 411 786 nobis
430 737 496 785 Deus
510 738 663 798 assignavit;
675 738 746 795 Juxta
768 756 890 809 cunm-lm
908 768 1070 807 mensuram
1088 753 1213 818 regulas

147 817 225 866 puam
246 805 358 866 regulam
373 805 526 868 apostolatus
539 805 642 854 mensa
660 803 746 853 iudea

147 873 181 924 aa
191 873 341 923 corinthum
354 886 433 936 usque
445 877 569 937 pervenit.
769 836 824 900 qua
838 849 952 886 mensus
966 839 1008 885 est
1022 831 1110 884 nobis
1123 833 1209 890 Deus,

768 926 927 1041 ngensuram
934 907 1114 978 pertingendi
1123 919 1212 973 nequo

768 1004 784 1041 a
816 1003 875 1040 ros.

177 1071 262 1132 iteum
277 1058 347 1120 eninr
362 1071 411 1120 bae
430 1073 458 1120 in
480 1082 508 1119 re
526 1081 573 1118 uos
591 1067 746 1130 ultraquam
803 1070 848 1118 ii.
865 1068 926 1117 lion
949 1064 1026 1116 enim
1049 1063 1134 1128 qnasi
1156 1074 1211 1114 non

146 1154 196 1205 par
214 1146 270 1202 est,
289 1144 428 1202 jaciamus,
444 1145 489 1189 aut
508 1139 613 1201 gloriam
634 1143 745 1187 ntisll'aln
768 1144 956 1210 pertingentes
963 1141 1000 1193 ad
1011 1154 1073 1203 mg,
1083 1153 1212 1206 superex-

149 1209 215 1259 ultra
228 1211 349 1258 terminos
361 1208 533 1268 extendimus3
542 1207 745 1268 qnandoquidem
768 1222 910 1273 tendimus
920 1234 995 1272 „033
1011 1233 1107 1286 usque
1117 1219 1155 1271 „d
1165 1231 1212 1270 ω,

178 1412 229 1461 Sed
244 1412 297 1473 ipsi
307 1412 338 1459 ia
357 1410 430 1459 uobis
447 1411 611 1472 nosmetipsos
626 1412 768 1469 1111111111,
781 1412 808 1461 id
822 1415 875 1472 est,
891 1413 1029 1472 metimur,
1039 1413 1066 1460 et
1081 1423 1214 1474 eompara-

147 1493 206 1530 mns
216 1482 381 1540 nosmetipsos
397 1479 478 1528 nobts.

178 1548 206 1597 ld
219 1553 274 1608 est,
291 1548 354 1596 nulli
369 1561 415 1596 nos
435 1561 628 1610 comparamus,
642 1549 723 1599 mnltb
736 1549 823 1599 minuis
840 1549 897 1598 aliis
912 1561 959 1598 uos
980 1547 1160 1611 praelerlmus3
1171 1547 1214 1598 soil

148 1619 314 1678 nosmetipsos
325 1616 464 1666 seeundum
479 1630 521 1676 ea,
535 1629 592 1679 quae
607 1621 704 1666 suntin
715 1619 788 1666 nobis
798 1656 804 1677 ‚
815 1619 888 1678 quasi
900 1622 987 1666 nostro
998 1618 1063 1680 pede
1074 1622 1121 1679 ,et
1130 1619 1215 1669 nostra

147 1688 268 1736 mensurat
278 1688 397 1734 metimur
409 1706 415 1734 ι
427 1699 478 1736 non
491 1699 532 1735 me
544 1689 665 1746 majorem
676 1686 740 1735 facio
753 1688 829 1748 qnam
840 1688 899 1736 sim.

178 1753 256 1803 Graeei
268 1754 354 1816 legunt
365 1755 424 1803 :sed
436 1757 483 1816 ipsi
492 1757 519 1803 in
531 1757 619 1817 seipsis
629 1757 775 1817 semetipsos
787 1756 919 1811 metientes
927 1791 934 1814 ,
943 1758 969 1805 11
978 1752 1139 1806 conferentes
1150 1758 1215 1820 soip

147 1835 189 1874 tos
199 1827 339 1886 semetipsis
350 1863 357 1883 ,
367 1838 419 1874 non
435 1824 588 1885 intelligunt.

179 1893 235 1955 syr.
254 1894 297 1942 sed
307 1897 366 1955 quia
381 1897 420 1943 isti
437 1898 516 1943 semet
526 1894 575 1942 sibi
585 1895 748 1954 comparant,
762 1906 814 1943 uon
829 1893 982 1954 intelligunt.

174 1961 204 2010 b.
213 1962 368 2023 Augustinus
383 1966 417 2011 ita
429 1963 488 2023 legit
501 1964 588 2009 etiam.

177 2029 251 2080 turta
264 2031 331 2079 hane
342 2030 476 2077 lectionem
488 2042 575 2077 sensus
594 2032 631 2076 est
645 2046 652 2076 s

178 2099 227 2148 Sed
239 2101 285 2161 ipsi
295 2099 494 2162 pseudoapostoli
509 2099 655 2158 semetipsos
671 2096 810 2146 seeundum
827 2098 957 2159 proprium
970 2098 1092 2162 addetum
1105 2136 1113 2160 ‚
1127 2102 1173 2162 qui
1188 2103 1215 2152 ln

148 2170 210 2228 ipsis
225 2173 277 2225 est,
296 2170 440 2225 metientes,
451 2180 503 2214 non
522 2165 663 2214 seeundum
676 2165 786 2226 aliquam
806 2171 901 2215 certam
920 2166 1053 2228 regulam5
1067 2180 1116 2218 neo
1127 2181 1216 2220 seeun-

148 2236 211 2285 ddm
225 2249 329 2298 operum
339 2238 353 2283 a
365 2248 392 2285 se
410 2236 534 2283 laetorum
548 2237 680 2282 veritatem
695 2256 701 2293 ;
716 2241 741 2282 et
752 2235 807 2282 ideo
822 2239 848 2283 in
867 2249 912 2284 sua
922 2249 1059 2296 mensura,
1071 2249 1117 2286 sen
1129 2239 1159 2288 in
1170 2252 1215 2288 sno

146 2305 243 2364 indicio
254 2310 379 2364 errantes,
389 2308 414 2352 et
425 2317 452 2352 se
463 2306 570 2362 majores
581 2305 657 2363 quam
666 2306 721 2351 sint
731 2340 738 2362 ,
748 2305 898 2353 arbitrantes
907 2341 914 2364 ,
923 2318 976 2353 non
989 2305 1158 2368 intelligunt,
1171 2320 1215 2357 seu

149 2384 202 2422 non
216 2376 318 2435 sapiunt
332 2374 397 2422 :hoo
413 2375 481 2420 euim
493 2372 598 2421 stultum
614 2376 651 2420 est
662 2385 708 2420 suo
721 2386 748 2421 se
761 2373 857 2432 jndicio
869 2375 963 2423 metiri.

182 2464 220 2509 13.
240 2462 290 2510 Nos
302 2466 386 2510 autem
400 2475 450 2509 nou
459 2461 487 2508 iu
495 2460 653 2508 immensum.
669 2456 712 2507 Gr?
725 2472 776 2507 non
787 2461 814 2508 in
826 2461 1008 2510 immensurata
1016 2498 1024 2522 ,
1034 2461 1214 2524 gloriabimur.

179 2531 234 2593 Syr.
253 2544 298 2580 nos
313 2543 364 2579 non
380 2530 516 2591 gloriamur
527 2542 603 2590 supra
614 2541 759 2576 mensuram
771 2533 900 2586 nostram,
920 2528 964 2577 sed
980 2533 1052 2590 junia
1066 2544 1215 2582 mensuram

150 2605 269 2662 termini,
285 2615 360 2663 quern
374 2601 501 2650 distribuit
512 2599 586 2647 nobis
597 2599 662 2646 Deus
674 2636 680 2656 ,
694 2603 722 2646 ut
737 2603 761 2645 et
770 2600 942 2660 pertingamus
953 2611 1034 2659 usque
1044 2600 1079 2649 ad
1097 2613 1154 2651 vos.

179 2673 255 2721 Tanai
268 2670 499 2733 pseudoapostolos,
519 2669 563 2728 qul
579 2679 606 2715 se
618 2667 765 2726 jactabant,
781 2669 852 2726 quasi
871 2671 953 2716 totum
975 2672 1105 2718 terrarum
1127 2669 1216 2718 orbem

148 2742 308 2805 praedicando
322 2742 521 2803 percurrissem,
537 2739 573 2785 ait
583 2736 614 2785 ii.
631 2736 838 2797 chrysostomus,
855 2740 880 2784 et
895 2739 953 2797 post
971 2738 1058 2798 ipsum
1078 2737 1216 2802 theophy-

148 2816 237 2864 laetus

178 2890 229 2939 Nos
238 2895 322 2937 autem
332 2901 383 2936 nou
395 2885 565 2948 gloriabimur
575 2896 650 2938 supra
664 2884 768 2933 modum
778 2922 785 2944 ,
797 2886 826 2933 ut
838 2883 951 2944 quidam.

117 2971 121 2975 ’
179 2964 228 3011 Sed
238 2961 372 3010 seeundum
385 2972 528 3007 mensurum
546 2959 640 3019 regulo
642 2992 689 3007 .....
701 2958 728 3006 id
744 2962 794 3018 est,
806 2958 850 3007 sed
865 2959 1027 3010 manebimus
1038 2961 1107 3012 111111
1120 2961 1216 3011 limites

148 3044 211 3093 qnos
221 3030 285 3078 bens
295 3029 368 3076 nobis
383 3028 526 3086 assignavit.

178 3105 320 3152 itensuram
338 3101 494 3162 pertingendi
505 3101 539 3148 od
556 3113 600 3148 vos
609 3113 695 3161 usque.

179 3170 253 3220 iuria
267 3181 330 3229 quos
339 3206 346 3228 ,
355 3168 507 3230 apostolatus
527 3181 599 3216 meus
609 3168 641 3216 ad
653 3182 697 3216 vos
709 3179 788 3228 nsque
800 3170 924 3230 pervenit.

179 3236 272 3286 adnuit
283 3235 315 3283 ad
326 3235 451 3297 regulam,
468 3248 512 3284 seu
527 3235 669 3284 funiculum
683 3237 880 3296 distributionis,
896 3248 1032 3299 perquem
1047 3240 1103 3301 agri
1114 3250 1215 3290 mento·

147 3320 189 3359 res
199 3309 281 3367 partes
294 3309 417 3354 terrarum
426 3308 517 3366 cuique
528 3308 660 3368 possessori
671 3319 729 3353 suas
739 3308 877 3366 assignant.

179 3374 252 3423 iuxta
267 3386 344 3434 quam
356 3374 529 3436 metaphoram
549 3376 614 3423 bens
626 3377 705 3423 vlneae
719 3374 854 3435 dominus,
870 3373 977 3435 singulis
996 3377 1079 3427 servis
1090 3379 1146 3428 suls
1157 3388 1212 3441 pai·

148 3449 201 3495 iem
211 3445 333 3504 assignat,
346 3458 422 3505 quam
434 3447 486 3494 suis
497 3445 623 3494 laboribus
635 3445 757 3493 excolant.

127 3577 130 3583 Ι
179 3513 245 3562 Deus
256 3517 340 3562 autern
351 3516 416 3562 inter
427 3515 488 3563 alias
499 3517 657 3577 provincias,
671 3518 696 3561 et
706 3513 827 3562 Achaiam
837 3513 915 3562 Paulo
925 3513 996 3564 dedii
1005 3515 1180 3568 excolendam.

127 3590 131 3612 ²
180 3583 270 3643 sieque
283 3583 375 3633 Paulus
394 3588 451 3645 jure
466 3588 547 3647 potest
565 3585 666 3646 gloriari
680 3584 711 3632 de
731 3584 881 3643 Corinthiis,
893 3586 965 3644 quasi
981 3585 1014 3634 de
1027 3587 1124 3648 uinea,
1137 3596 1209 3648 quam

148 3652 272 3716 plautavit
289 3657 314 3701 et
324 3654 402 3703 uoluit
416 3675 422 3702 ι
436 3654 558 3715 seuquid
577 3656 674 3716 primus
688 3653 736 3703 iliis
747 3653 910 3715 Evangelium
926 3654 1093 3719 predicavit,
1109 3657 1207 3717 illosque

150 3723 178 3771 in
190 3719 288 3770 Christo
302 3721 359 3771 lesu
371 3735 415 3785 per
428 3723 591 3782 Evangellum
607 3724 701 3782 genuit.
758 3734 760 3737 ·

182 3809 220 3857 11.
233 3809 288 3858 Nou
303 3810 384 3867 euim,
401 3810 531 3870 quosiuou
541 3810 701 3869 pertingeretes
710 3809 744 3856 ud
757 3821 810 3867 vos,
823 3811 1055 3870 superextendimus
1065 3824 1121 3860 nor.

182 3877 237 3927 Nou
251 3879 477 3939 superextendimus
488 3882 547 3933 rios,
567 3876 591 3924 id
605 3881 658 3935 est,
672 3889 752 3937 neque
765 3877 813 3926 hau
830 3879 856 3925 ln
872 3889 913 3937 re,
930 3892 977 3928 nos
989 3880 1057 3930 ultra
1072 3881 1148 3942 qnam
1162 3886 1202 3941 pir

153 3950 190 3996 est
198 3983 206 4003 ,
215 3949 341 4004 iactamus
348 3967 356 4005 ς
367 3958 411 3997 sen
425 3948 529 4005 gloriam
542 3950 651 3996 nostram
665 3951 732 3996 eitra
746 3959 804 3996 suos
815 3949 938 3998 terminos
949 3949 1121 4002 extendimus.
