2512 4424
314 264 485 318 namins
503 264 727 322 nxnosirw.
746 265 830 321 cin.
848 264 881 320 i.
1093 265 1128 319 5⁰

99 366 145 418 16.
159 366 257 433 ltaque
268 379 365 420 nosex
381 367 435 421 1100
454 380 506 420 ne.
558 361 644 423 ltaque
656 373 702 411 nos
720 360 841 424 apostoli,
857 357 1002 423 nobisipsis
1018 362 1125 420 mortni,

51 441 169 493 'minem
199 441 329 496 novimus
352 442 507 497 pecundum
528 429 767 491 Chrlsiovirentes,
779 433 909 481 neminem
918 426 1058 480 seeundum
1070 442 1126 479 oar·

63 530 196 571 02‘1101112
346 546 349 550 ·
528 497 1127 628 lliiidiiddlliltlluidiillii

62 702 96 752 Et
113 699 135 752 si
148 701 335 767 eognovimus
352 700 505 756 secundum
528 637 618 753 spiutni?
620 648 655 753 {li
661 701 790 752 Christum
803 704 887 766 ipsum
903 702 1038 765 aliquando
1050 712 1126 766 prop·

63 789 177 830 carnem
187 776 342 843 Christum3
527 771 702 891 {etrdiirssrxrfflss
707 771 834 900 3rpurrsdam
843 772 953 822 rationes
963 773 1126 834 cognovimus

77 1010 139 1125 ἶὲξέι
148 1007 238 1069 ltaque
256 1020 342 1058 coa...
360 1007 423 1059 hinc
445 1008 475 1060 tlt
495 1008 564 1073 quiid
585 1023 632 1062 nos
648 1009 778 1074 Apostoll,
797 1008 847 1060 hic
866 1008 988 1061 ineffabili
1003 1010 1125 1063 charitats

60 1088 130 1200 l'lic
142 1109 208 1209 tie,
220 1150 319 1203 scllieet
336 1157 458 1216 temporo.
475 1153 519 1204 Cr.
531 1166 561 1203 ex
571 1157 650 1216 tunc,
663 1156 691 1206 id
708 1123 759 1216 cst,
773 1167 803 1205 ex
813 1167 864 1217 quo
882 1157 1005 1217 coepimus
1014 1155 1123 1217 Christi,

60 1232 105 1270 seu
118 1221 274 1283 nobismori,
286 1225 312 1271 et
323 1223 423 1274 Christo
434 1225 528 1273 virere.
540 1223 579 1274 lix
587 1237 637 1286 quo
649 1227 831 1288 coepimnsesse
839 1224 985 1275 Christiani.

90 1296 234 1353 Neminem,
248 1294 275 1345 id
290 1301 342 1358 est,
361 1297 443 1358 nihil,
455 1311 503 1348 nec
517 1311 578 1359 nos,
590 1311 638 1350 nee
653 1299 716 1351 alles
726 1299 861 1350 carnaliter
872 1337 880 1360 ,
891 1313 936 1350 sou
947 1305 1048 1362 propter
1062 1312 1122 1360 nos,

60 1369 106 1414 ant
115 1368 217 1427 propter
230 1363 328 1426 aliquas
337 1370 448 1416 rationes
457 1367 593 1428 humanas,
607 1371 653 1418 aut
665 1371 849 1430 cognoscimus,
861 1372 906 1419 aut
915 1368 1061 1432 diligimus:
1079 1368 1123 1420 sed

61 1437 144 1484 emnia
157 1434 323 1497 spiritualiter
335 1439 363 1486 in
374 1436 473 1487 Christo
484 1439 510 1485 et
520 1441 621 1499 propter
632 1436 777 1497 Christum,
792 1439 835 1488 cui
850 1440 969 1488 vivimus.

90 1503 149 1554 llaec
162 1517 239 1567 pars,
253 1505 389 1556 secundom
400 1520 517 1564 coram,
530 1510 611 1569 petest
622 1506 663 1556 vel
673 1507 706 1556 ad
719 1510 803 1570 ipsum
817 1512 1008 1570 cognoscentem
1019 1507 1120 1568 referri,

60 1573 100 1622 rel
115 1573 148 1623 ad
164 1575 317 1635 cognitum:
334 1578 360 1624 et
370 1578 432 1637 pnto
445 1574 512 1635 quod
525 1588 569 1637 per
583 1579 718 1636 utrumqne
729 1580 872 1638 respectum
884 1588 944 1627 vera
960 1579 1001 1626 slt.

89 1642 136 1693 Per
146 1644 262 1704 primum
272 1680 279 1704 ,
290 1656 336 1692 nos
348 1644 422 1693 nobis
432 1645 529 1692 mortui
539 1679 545 1703 ,
556 1643 656 1694 Christo
669 1647 795 1706 virentes,
806 1657 859 1694 non
872 1648 1063 1707 cognoscimus,
1074 1658 1122 1696 nec

59 1711 218 1772 indicamus,
236 1724 284 1761 nee
296 1711 425 1774 diligimus
440 1711 584 1761 secundum
600 1711 732 1775 carnales,
745 1725 790 1762 ssu
801 1713 927 1764 humanos
944 1716 1022 1764 nostri
1041 1714 1123 1765 cordis

61 1783 182 1843 aiiectus;
195 1782 240 1830 sed
252 1781 393 1831 secundhm
403 1780 496 1830 Christi
508 1781 639 1843 Spiritum.

90 1851 175 1913 Qualis
185 1853 256 1913 rita,
268 1851 326 1902 talis
342 1857 368 1902 et
382 1854 493 1914 operatio
506 1871 512 1901 ι
530 1854 591 1914 qula
606 1864 664 1914 ergo
675 1855 746 1903 carni
757 1854 852 1902 mortui
865 1865 970 1912 sumus,
982 1852 1122 1905 secundum

62 1934 162 1971 carnem
181 1933 235 1970 non
250 1922 363 1983 agimus,
374 1922 433 1982 quia
445 1922 506 1971 vere
519 1922 631 1971 vivimus
641 1922 735 1971 Christi
745 1921 859 1983 Spiritu,
873 1921 934 1971 hinc
945 1925 970 1970 ei
981 1921 1122 1974 secundum

62 1990 177 2040 eumdem
189 1990 285 2040 Christi
298 1989 419 2051 Spiritum
435 1991 551 2051 agimus,
564 1992 704 2052 cogitamus
719 1993 745 2040 et
756 1990 893 2051 loquimur.

90 2059 135 2109 Per
146 2059 289 2109 seeundum
301 2059 378 2107 etiam
388 2063 539 2122 respectum.

89 2129 138 2179 llos
153 2130 229 2179 nohis
239 2129 353 2188 mortui,
370 2141 430 2178 cum
445 2128 546 2178 Christo
556 2128 670 2178 viventes
682 2131 707 2178 et
718 2129 876 2188 resuscitati,
892 2125 1007 2180 carnales
1023 2131 1052 2179 in
1065 2129 1122 2181 aliis

63 2197 207 2247 hominihus
218 2199 423 2248 circumstantias
435 2211 487 2247 non
500 2197 672 2258 attendimus,
686 2210 712 2248 v.
728 2210 762 2260 g.,
775 2197 842 2259 quhd
852 2197 931 2248 ludael
946 2201 998 2249 sint
1008 2199 1048 2248 vel
1059 2212 1122 2262 gen·

64 2266 116 2316 tiles
124 2287 132 2328 ς
146 2267 239 2316 divites
254 2265 296 2315 vel
318 2278 459 2330 pauperes,
477 2269 577 2327 cognati
594 2271 639 2316 aut
653 2267 747 2329 alieni,
763 2272 824 2329 etc.;
838 2267 894 2318 haec
909 2280 961 2318 nen
979 2269 1122 2320 considera·

65 2347 117 2385 mus
125 2356 133 2396 ς
151 2347 199 2385 neo
215 2347 370 2397 quemquam
380 2339 480 2399 propter
490 2335 537 2385 has
548 2336 663 2387 carnales
678 2345 703 2387 et
718 2338 844 2388 humanas
854 2339 963 2388 rationes
975 2337 1121 2400 diligimuss

65 2405 105 2523 {sed
122 2403 268 2454 seeundum
289 2404 420 2456 charitatis
440 2406 559 2470 spiritum
580 2418 668 2457 omnes
689 2406 817 2470 diligimus
838 2409 866 2457 in
886 2407 1001 2469 Christo,
1021 2413 1122 2472 propter

97 2487 150 2523 um.

91 2543 141 2592 Nec
155 2545 324 2606 nosmetipsos
340 2544 436 2613 carneli
449 2542 562 2602 aiiectu,
576 2547 620 2594 aui
638 2547 739 2608 propter
751 2544 862 2597 carnalia
875 2544 1017 2608 diligimus,
1035 2549 1121 2610 utpote

68 2612 136 2662 nohis
149 2617 175 2662 et
193 2615 265 2662 carni
278 2615 387 2675 mortui,
402 2613 501 2664 Christe
518 2612 564 2662 soll
575 2616 697 2664 virentes.

92 2681 145 2733 lmh
159 2694 207 2731 nec
218 2680 348 2731 Christum
362 2684 463 2744 ipsum,
476 2682 520 2730 cui
538 2682 584 2731 soll
598 2685 726 2745 vivimus,
742 2683 883 2734 secundum
895 2695 1013 2745 earnem,
1023 2683 1050 2734 id
1065 2689 1120 2746 est,

69 2753 109 2799 aut
121 2747 220 2800 carnali
233 2749 344 2811 ellectu,
362 2753 407 2799 aut
419 2756 520 2814 propter
532 2752 658 2802 humanos
673 2754 816 2814 respectus,
830 2750 967 2813 diligimus.

91 2839 153 2886 Etsi
162 2837 465 2899 eopnooimcsseeacoem
474 2853 573 2889 carnem
586 2838 751 2888 coriatam...
761 2836 787 2886 id
795 2840 845 2898 est,
853 2836 949 2900 primo,
960 2840 981 2888 si
992 2837 1121 2890 Christum

69 2905 132 2955 nohis
143 2907 295 2968 praesentem
311 2906 491 2967 cognovimus,
506 2906 654 2966 dileximus,
666 2908 739 2967 elque
751 2905 903 2955 adhmsimus
915 2906 1055 2956 seeundum
1067 2921 1121 2958 car·

68 2973 129 3022 neles
140 3011 147 3034 ,
160 2985 205 3022 seu
221 2970 349 3022 humanos
365 2977 445 3024 nostrl
456 2976 540 3026 cordis
552 2976 672 3035 aiieetus,
693 2977 759 3024 sicut
776 2975 875 3024 amicus
890 2975 1003 3024 amicum
1018 2975 1098 3039 diligit
1111 2989 1120 3024 r
1220 2972 1235 2998 ⁸

68 3046 88 3091 at
95 3045 149 3103 jam
162 3040 221 3091 talis
233 3040 340 3089 allectus
351 3054 396 3105 per
408 3043 530 3106 Spiritum
545 3044 667 3094 Sanctum
683 3045 790 3093 cessavit
800 3046 826 3092 in
840 3043 921 3093 nohis.

90 3111 142 3161 lloc
163 3107 300 3172 Apostolus
317 3111 345 3158 in
367 3109 476 3161 allorum
493 3112 676 3175 discipulorum
694 3123 800 3173 persona
816 3111 892 3173 dicit,
905 3111 940 3160 aii
957 3110 987 3161 li.
999 3111 1120 3175 'rhomam

68 3178 174 3229 carnales
185 3179 274 3236 erant,
284 3180 309 3225 et
319 3179 366 3239 ipsi
377 3179 478 3228 Christo
490 3179 558 3241 apud
569 3193 611 3229 eos
621 3183 748 3243 praesenti,
758 3179 897 3229 secundum
909 3181 1037 3232 carnalem
1047 3182 1121 3234 alien·

68 3250 115 3298 tum
125 3246 300 3297 adhaerebant.
313 3246 373 3296 Vide
384 3247 412 3296 li.
425 3248 566 3310 Thomam,
580 3253 625 3311 qui
644 3254 668 3298 et
685 3251 714 3299 h.
728 3249 897 3311 Augustinum
908 3251 978 3300 citat.

90 3315 220 3376 Secundo,
233 3317 254 3364 si
266 3314 396 3365 Christum
406 3316 542 3378 aliquando
552 3316 691 3367 secundum
704 3316 816 3367 carnales
825 3322 850 3367 et
858 3317 984 3369 humanos
994 3325 1121 3384 respectus

68 3389 224 3448 cognorimus
240 3387 265 3433 et
278 3383 427 3445 dileximus,
440 3399 465 3436 v.
484 3399 522 3448 g.,
534 3386 602 3449 quod
619 3387 736 3447 iudaeus,
750 3391 834 3437 noster
849 3387 930 3437 affinis
945 3392 970 3437 et
982 3395 1120 3452 cognatus,

67 3455 100 3504 rel
109 3468 154 3518 per
166 3454 231 3504 allas
244 3452 395 3514 temporales
407 3457 518 3505 rationes
531 3459 556 3503 et
568 3457 770 3505 circumstantias
783 3474 790 3504 ε
807 3459 833 3506 at
844 3458 897 3518 jam
908 3456 1000 3508 talibus
1012 3461 1120 3522 mortui,

68 3524 225 3581 eumailectu
238 3525 349 3586 puriori,
363 3524 448 3585 utpote
461 3524 589 3587 spirituali
606 3528 631 3573 et
648 3524 733 3574 divino
744 3527 914 3588 aestimamus,
935 3538 1079 3578 reveremur
1096 3533 1121 3578 et

68 3593 211 3654 adoramus,
234 3595 263 3640 ut
282 3589 413 3641 hominem
432 3592 530 3653 licum,
555 3593 738 3654 redemptorem
760 3594 870 3655 mnndi,
888 3595 969 3645 lieum
989 3601 1015 3646 et
1035 3596 1121 3648 lierni·

68 3673 123 3712 num
135 3668 255 3712 nostrum
265 3679 273 3721 3
288 3661 361 3721 eique
376 3665 405 3710 ut
417 3662 464 3711 tali
475 3665 600 3724 vivimus,
613 3664 751 3726 servimus,
762 3668 788 3715 et
798 3663 821 3714 ei
832 3663 878 3714 soll
888 3665 1025 3716 vivendum
1036 3668 1061 3716 et
1069 3679 1121 3717 scr·

68 3731 180 3781 tiendum
191 3730 288 3791 ubique
300 3730 475 3792 praedicamus.

92 3799 167 3860 Quale
178 3803 217 3848 est
228 3810 283 3848 esse
294 3834 301 3857 ,
313 3798 362 3848 tale
372 3803 409 3848 est
423 3803 448 3849 ct
462 3803 562 3861 virerc3
575 3804 600 3850 et
614 3801 687 3863 quale
698 3806 736 3852 est
748 3804 845 3865 vivere,
856 3803 906 3854 tale
920 3807 990 3854 estet
1002 3805 1099 3866 operari
1111 3823 1118 3852 ε

69 3877 121 3928 seu,
134 3874 163 3918 ui
175 3869 287 3926 dicitur,
301 3867 405 3917 medum
419 3869 517 3919 essendi
529 3872 643 3931 sequitur
653 3871 743 3921 modus
756 3873 885 3933 operandi.

94 3937 154 3999 Quia
167 3949 227 4000 ergo
244 3935 356 4000 Apostoli
374 3938 423 3989 sihi
435 3941 546 3999 mortui,
564 3938 663 3990 Christo
678 3940 862 4004 convivificati,
881 3937 1021 4005 spirituales
1037 3938 1118 3990 eiieeti
