2512 4424
109 251 143 302 38
274 249 462 304 SECUNDAE
480 250 682 304 EPISTOLAE
700 250 749 301 do
767 243 1007 304 CORINTHIOS

471 484 607 557 dirui
629 484 802 560 NONUM.

313 641 499 681 PAMPMRASlS.
893 639 1003 679 uexati&

159 754 188 792 os
212 745 289 804 igitur
309 743 380 791 vohis
403 741 553 790 commendo
576 739 670 799 legatos
695 759 701 789 ε
726 747 753 796 l.
820 758 856 796 ap
868 740 1171 809 deministeric‚qucd

158 824 218 860 nam
232 811 263 860 de
275 813 329 872 ipso
345 810 456 859 subsidio
475 809 628 871 pauperibus
642 808 703 856 sub-
764 754 848 873 Nm
861 822 889 873 in
905 825 1027 884 sanem,
1038 833 1072 872 01
1082 819 1172 872 abun.

104 878 291 938 ministrando,
316 881 417 939 propter
442 875 510 936 quod
538 877 646 923 veniunt
672 875 703 923 ad
727 898 856 951 danum
869 895 1167 950 mihiwiberevobis·

61 950 64 956 ·
103 957 166 1006 vos,
185 947 342 1008 superfluum
356 950 393 994 est
408 945 479 994 robis
490 945 564 1006 plura
576 944 702 1005 scribere,

102 1014 193 1074 quibus
209 1017 317 1064 excitem
330 1017 429 1062 animos
443 1018 549 1062 vestros.

133 1081 263 1143 Siquidem
276 1081 336 1130 novi
355 1082 498 1141 promptam
516 1090 569 1128 esse
587 1079 621 1128 ad
640 1079 702 1128 illud
760 1077 788 1128 2.
812 1073 876 1128 Scio
904 1071 979 1126 euim
1008 1079 1167 1138 promptum

101 1147 257 1199 voluntatem
269 1152 398 1207 vestram,
415 1148 481 1197 etde
494 1147 634 1198 hacanimi
646 1161 703 1198 ves-
725 1151 849 1202 animum
872 1153 1013 1211 vestrum
1035 1160 1089 1216 pro
1112 1160 1166 1213 quo

102 1221 136 1268 tri
148 1217 347 1281 promptitudine
358 1215 451 1277 glorior
462 1216 530 1278 apud
539 1216 703 1279 Macedones,
726 1228 762 1280 de
776 1227 855 1280 vohis
872 1225 976 1293 glorior
990 1224 1067 1290 apud
1082 1227 1167 1278 ω.

726 1302 834 1355 dones:
917 1324 919 1329 >

132 1390 223 1440 lilcens
233 1392 355 1451 quoniam
369 1401 422 1438 non
433 1388 570 1438 Corinthus
584 1390 702 1452 tantum,
726 1379 861 1440 (diffiniam
871 1383 899 1431 θῑ
909 1376 1012 1430 Ᾰθῖῑθῑθ
1021 1381 1165 1444 palam

101 1459 146 1510 sed
162 1462 187 1508 et
207 1461 260 1508 tota
281 1457 391 1518 Achaia,
412 1460 466 1517 lam
488 1457 520 1506 alt
538 1471 605 1507 anuo
627 1472 703 1520 supe·
726 1456 761 1508 ab
773 1468 847 1508 enno
859 1454 1015 1522 praeterito;

102 1527 168 1573 riore
184 1529 271 1587 parata
282 1526 320 1572 cst
337 1525 431 1573 sanctis
447 1523 632 1587 eleemosynam
650 1525 703 1576 lar—

118 1593 167 1639 irie

29 1687 34 1697 ·
102 1604 118 1652 g
133 1659 164 1707 Et
175 1658 223 1708 hoc
237 1663 325 1708 vestra
336 1659 543 1721 promptitudinis
561 1661 703 1725 exemplum
726 1658 759 1706 Et
770 1657 862 1707 vestra
875 1653 1015 1708 aemulatio
1027 1666 1163 1721 provoca·

102 1727 195 1776 multos
208 1730 355 1789 provocarit
370 1727 403 1776 ad
416 1729 594 1780 imitationem,
726 1734 762 1786 vit
775 1733 918 1799 plurimos.

132 1796 243 1845 Praemisi
265 1801 352 1846 autem
375 1797 479 1857 Titum,
507 1801 532 1845 et
554 1797 618 1849 duos
639 1799 703 1849 alios
760 1814 787 1864 5,
808 1811 867 1863 pfisi
887 1817 981 1864 autem
1005 1811 1120 1875 fratres,
1135 1816 1161 1864 ut

101 1865 190 1914 iratres
206 1869 321 1926 nostros,
342 1879 374 1916 ne
394 1865 448 1915 haec
469 1870 554 1915 nostra
571 1867 702 1918 de'restra
726 1899 762 1939 „e
801 1887 858 1939 uod
884 1887 1152 1942 loriamurdevobis

100 1933 299 1994 promptitudine
312 1933 525 1995 gloriatio,rana
539 1936 573 1983 sit
588 1938 613 1984 et
626 1935 702 1997 falsa,
726 1901 915 2018 evggueturgin
924 1965 977 2018 hac
1024 1971 1088 2018 rte,
1153 1926 1160 1950 ’

101 1999 418 2064 inhoceleemosynarum
431 2003 550 2063 negotio,
602 2011 606 2018 ·
987 1979 1024 2032 Μ
1079 2004 1088 2019 ⁰

133 2157 194 2207 Cir.
211 2158 249 2206 ix.
264 2161 286 2206 t.
301 2159 367 2206 illam
386 2159 416 2206 de
426 2159 595 2208 monaterio...

131 2226 189 2276 Maec
205 2240 265 2275 clun
276 2226 475 2288 precedentibus
486 2228 633 2288 jungenda,
645 2233 674 2278 ut
686 2231 714 2279 in
724 2229 881 2293 paraphrasi

130 2296 159 2344 ln
172 2296 221 2344 hac
240 2298 315 2356 igitur
334 2299 416 2357 capite
433 2309 484 2344 non
500 2300 554 2345 tam
568 2300 660 2347 excitat
678 2299 711 2348 ad
733 2300 846 2349 dandum
857 2337 865 2361 ,
877 2299 954 2361 quam
972 2299 1048 2351 docet
1062 2301 1161 2353 modum

101 2364 177 2414 dandi
191 2365 324 2427 prompte,
341 2364 423 2427 large,
434 2365 565 2426 hilariter,
579 2380 609 2416 ac
623 2367 705 2429 primo
718 2369 749 2418 de
767 2369 965 2432 promptitudine
980 2369 1069 2421 dandi.

131 2450 155 2496 2.
168 2448 226 2496 Scio
236 2448 330 2496 euim...
341 2447 397 2509 Syr.
411 2448 536 2509 siquidem
550 2451 609 2498 novi
623 2450 849 2512 promptitudinem
866 2450 1021 2513 voluntatis,
1037 2454 1161 2515 etc.,quia

96 2518 159 2583 nori
172 2520 314 2578 promptam
326 2529 378 2565 esse
389 2521 499 2566 vestram
510 2518 667 2567 voluntatem
678 2519 710 2567 ad
721 2519 787 2568 hanc
797 2519 956 2580 largitionem
968 2519 1126 2582 taciendam,
1139 2526 1160 2570 et

99 2586 131 2634 de
150 2586 197 2635 hac
218 2588 297 2635 animi
312 2588 388 2635 vestri
403 2588 602 2648 promptitudine
620 2601 685 2650 sape
700 2588 819 2649 gloriatus
837 2602 893 2636 sum
912 2588 980 2650 apud
999 2589 1159 2650 Macedones,

99 2655 185 2703 dicens
204 2654 272 2705 illis:
288 2654 413 2714 Quoniam
431 2656 544 2716 Achaia,
558 2659 632 2716 cujus
650 2661 727 2718 caput
752 2660 789 2705 est
812 2656 962 2717 Corinthus,
974 2659 1030 2717 jam
1048 2659 1081 2708 ah
1098 2673 1159 2709 auno

98 2727 225 2787 preterito
236 2730 323 2786 parata
340 2729 378 2774 est
395 2728 488 2775 sanctis
500 2725 685 2787 eleemosynam
701 2726 796 2786 largiri.

127 2794 214 2843 Artem
226 2797 318 2844 mirare
333 2800 358 2844 et
369 2796 505 2844 honestum
522 2809 581 2845 cum
596 2795 733 2844 Corinthiis
748 2795 837 2856 agendi
853 2796 968 2846 modum.

128 2863 354 2925 Promptitudinem
369 2864 471 2912 illorum
492 2867 611 2925 supponit
624 2868 649 2912 et
663 2864 766 2924 laudat,
778 2867 807 2912 ut
824 2876 866 2933 eos
878 2866 1106 2926 promptitudinem
1120 2867 1159 2916 de·

98 2936 161 2981 ceat.
174 2933 203 2980 l).
217 2931 405 2980 Corinthiorum
420 2932 618 2992 promptitudine
632 2933 751 2993 gloriatur
770 2932 838 2994 apud
856 2932 1017 2994 Macedones,
1033 2939 1063 2985 ut
1077 2935 1158 2986 Corin·

98 3003 164 3051 thios
174 3001 282 3064 pudeat,
296 3003 317 3049 si
333 3013 418 3048 coram
434 3001 611 3050 Macedonibus
623 3006 759 3064 appareant
772 3002 858 3050 minus
871 3001 904 3050 ad
919 3002 1034 3053 dandum
1045 3004 1157 3068 prompti.

128 3071 219 3130 sicque
233 3069 296 3117 mirri
310 3069 432 3129 sapientiai
446 3067 538 3117 Paulus
558 3069 693 3132 discipulos
709 3075 734 3119 et
747 3070 812 3119 lilios
825 3083 883 3119 suos
900 3077 971 3132 urget
980 3072 1014 3121 ad
1026 3073 1132 3124 honum.

128 3145 160 3192 Mt
175 3150 257 3191 vestro
269 3142 406 3191 emulatio.
420 3141 463 3191 Gr.
476 3146 501 3190 et
518 3154 574 3202 quae
588 3156 617 3191 ex
628 3145 698 3193 vohis
708 3149 745 3193 est
761 3144 908 3205 emulatio,
927 3145 953 3194 id
969 3150 1026 3208 est,
1037 3153 1063 3197 et
1076 3153 1157 3198 restra

97 3211 303 3273 promptitudinis
322 3209 464 3272 exemplum
477 3210 551 3271 fecit,
567 3216 595 3259 ut
607 3211 650 3259 alii
662 3212 736 3260 multi
749 3212 843 3261 fuerint
853 3215 1022 3275 promptiores
1030 3235 1039 3278 3
1053 3229 1098 3266 scu
1108 3229 1157 3266 res·

99 3287 169 3328 trum
181 3279 323 3340 exemplum
336 3279 429 3328 multos
440 3280 472 3328 ad
487 3282 654 3329 imitationem
669 3285 822 3342 provocavit.

128 3348 208 3409 Supra
219 3347 332 3396 laudavit
342 3347 489 3397 Macedones
501 3349 531 3396 ob
548 3349 704 3410 largitatem,
716 3353 789 3410 quia,
800 3353 897 3412 inquit,
910 3366 992 3414 supra
1001 3355 1085 3414 vires,
1097 3369 1120 3406 c.
1135 3359 1154 3404 8.

97 3431 124 3468 n.
140 3421 163 3467 ³.
178 3418 224 3466 lllc
239 3418 342 3467 dchaeos
355 3418 442 3467 laudat
453 3419 483 3467 ob
496 3420 633 3467 voluntatis
647 3421 888 3481 promptitudinem,
902 3423 935 3470 ab
948 3421 1014 3471 caeo
1026 3427 1153 3485 preterito.

127 3485 218 3534 Vident
237 3487 363 3546 quomodo
377 3491 401 3535 et
416 3486 471 3535 illos
484 3499 528 3548 per
539 3487 585 3535 hos
597 3489 702 3547 excitat,
718 3488 813 3548 hosque
830 3502 875 3551 per
888 3489 963 3550 illos,
979 3492 1017 3540 ait
1031 3492 1153 3557 Theophy·

97 3554 178 3603 lactus
189 3557 244 3615 post
256 3554 483 3616 Chrysostomum?

127 3623 156 3670 ln
167 3633 217 3682 quo
229 3624 296 3683 patet
307 3622 444 3683 spiritualis
455 3624 577 3682 sapientia
591 3620 661 3670 Pauli
674 3659 682 3682 ,
698 3624 735 3671 ait
750 3623 928 3675 Theodoretus.

127 3707 151 3753 3.
164 3703 221 3750 Misi
233 3708 316 3750 cutem
326 3703 446 3764 fratres...
460 3703 545 3750 Titum
562 3708 586 3750 et
598 3703 660 3750 alios
677 3703 740 3752 duos
753 3703 861 3753 illustres
871 3708 968 3767 socios,
982 3707 1013 3757 de
1026 3710 1115 3770 quihus
1128 3709 1149 3756 lu

96 3775 184 3887 {233th2
193 3772 321 3886 :olitoirriqatttssd
337 3770 481 3832 gloriemur
495 3772 524 3818 de
538 3771 628 3828 cobis,
646 3770 673 3818 id
692 3774 747 3831 est,
761 3784 793 3820 ne
804 3777 889 3822 nostra
902 3773 934 3823 de
944 3778 1028 3826 vestra
1038 3775 1149 3840 prompti-

196 3873 210 3896 „
310 3873 317 3887 .

128 3915 285 3970 desecetur,
300 3910 391 3970 idest,
404 3912 486 3960 inanis
499 3914 532 3960 sit
544 3915 569 3959 et
582 3911 651 3964 laisa.
667 3888 672 3898 ¹
