2512 4424
323 282 495 338 antam
512 283 732 339 ttxnosmo,
751 282 833 338 cta.
853 283 939 336 ¹111.
1101 279 1152 333 151

91 489 1149 527 mssfflmmmflmmm

173 683 431 772 ANALYSIS
454 689 662 772 CAPITIS
681 689 869 772 DECIMl
889 621 1079 774 TERTss.

95 1035 357 1141 Ommnmontuns
367 1084 397 1140 in
407 1086 482 1141 malo
496 1086 624 1143 timorem
635 1087 751 1153 incutit,
767 1091 800 1141 ut
816 1099 867 1141 cot
883 1085 920 1140 ad
940 1086 1085 1144 meliorem
1094 1088 1156 1145 irn-

96 1181 161 1236 gem
172 1168 301 1221 reducat.

130 1251 160 1319 γ.
179 1255 196 1303 1
211 1255 239 1304 et
255 1253 283 1304 1.
295 1251 413 1306 ittuntur
431 1265 462 1308 oc
477 1267 536 1307 non
557 1253 630 1307 ultra
648 1252 834 1322 parciturum,
853 1252 904 1308 ced
916 1252 1036 1321 juridice
1055 1268 1154 1310 sccun-

97 1331 168 1388 oum
188 1333 348 1388 testimonia
365 1340 490 1389 acturum
502 1336 531 1388 in
547 1350 606 1391 eos.

130 1417 197 1485 Μ.
207 1419 300 1471 ttonct
309 1416 404 1485 itaque
415 1423 446 1472 ut
455 1433 507 1472 nuo
519 1419 622 1474 danum
632 1433 691 1473 nou
703 1424 840 1488 quaernnt‚
851 1431 910 1472 nuae
920 1420 997 1473 Pauli
1009 1420 1037 1473 in
1050 1421 1156 1474 christo

97 1500 221 1569 glorioso
232 1501 378 1567 potcstatis
389 1502 616 1568 experimentum.

129 1582 328 1639 Recordentur
343 1598 441 1639 eorum
461 1584 628 1640 mirabilium
640 1599 703 1655 quae
720 1586 792 1640 tuter
804 1599 868 1652 eos,
881 1585 934 1639 hnc
948 1582 1048 1640 christi
1061 1592 1159 1654 potes-

97 1672 172 1731 tate,
184 1666 229 1720 rel
240 1664 258 1721 a
268 1680 299 1721 ee
313 1668 399 1722 Paulo
412 1667 486 1723 edita
501 1675 566 1722 cunt
577 1709 585 1734 ,
596 1669 638 1723 vel
655 1669 691 1723 ab
715 1669 775 1722 aliis
789 1669 891 1737 quibus
909 1670 1040 1723 Sanctum
1059 1669 1159 1724 christi

97 1736 233 1816 spiritum
249 1749 310 1816 ipsc
330 1750 416 1805 dedit.
438 1752 564 1819 flincquc
583 1752 712 1820 colligant
731 1752 808 1819 quod
827 1751 931 1818 inipso
950 1752 1022 1804 vivat
1033 1753 1159 1808 Christus

97 1833 294 1900 omnipotens,
308 1839 336 1887 et
349 1841 554 1902 consequenter
570 1849 607 1889 ne
624 1840 725 1903 cogant
739 1849 803 1889 eum
817 1835 869 1889 hic
885 1833 1025 1888 christiin
1038 1835 1100 1887 illos
1118 1835 1159 1887 uti

95 1921 254 1983 potestate,
267 1916 295 1983 5.
308 1918 335 1981 1,
353 1919 380 1978 5,
390 1919 417 1970 6.

131 1999 160 2067 5.
179 2002 207 2052 7.
224 1997 345 2052 'rantum
357 1999 434 2053 abest
447 2005 477 2053 ut
488 2000 552 2055 hoc
561 2007 637 2070 optet
648 2001 708 2068 ipsc
722 1999 842 2064 Paulus,
856 1999 925 2066 quin
943 1998 1037 2066 potiirs
1049 2005 1110 2054 orat
1129 2007 1159 2054 ut

96 2080 258 2136 corinthios
270 2081 392 2137 inveniat
408 2081 561 2149 innocuos,
576 2085 651 2139 bono
673 2089 817 2147 vacantes,
832 2081 928 2149 sicque
942 2082 1010 2135 nihil
1027 2083 1117 2150 possit
1129 2084 1159 2137 in

98 2177 158 2219 cos.

134 2247 161 2317 ᾗ.
173 2251 202 2302 a.
215 2246 325 2301 Gaudet
339 2245 405 2301 cum
415 2254 481 2301 tunt
495 2249 596 2301 virtute
611 2248 767 2314 conspicui,
786 2249 872 2316 gratia
889 2253 1035 2317 potentes,
1056 2255 1085 2303 et
1094 2249 1160 2302 ideo

98 2329 158 2397 tpcc
168 2331 274 2384 Paulus
290 2343 356 2396 erga
368 2344 418 2384 eoa
428 2331 508 2398 quasi
519 2334 655 2399 potestate
676 2331 843 2386 destitutus:
856 2333 922 2386 hinc
934 2339 961 2386 et
979 2346 1076 2387 eornm
1093 2344 1157 2400 pro«

100 2416 177 2468 catur
187 2411 400 2481 perfectionem.

63 2492 66 2499 ’
133 2497 161 2567 7.
174 2500 221 2551 10.
241 2495 360 2563 Scripsit
377 2495 487 2562 minax,
501 2501 533 2550 ut
552 2511 609 2550 uon
625 2497 732 2564 puniat.

133 2579 160 2648 i.
173 2583 219 2633 11.
230 2581 364 2632 Hortatur
375 2578 410 2631 ad
422 2577 565 2647 gaudium,
579 2581 613 2632 ad
626 2579 838 2646 perfectionem,
848 2591 955 2644 pacem,
972 2578 1158 2632 dilectionem.

103 2660 171 2718 'tim
181 2662 290 2718 mutuis
301 2662 513 2718 salutationibus
524 2662 670 2726 exhibitio,
684 2661 799 2730 gratiam
815 2660 940 2727 apponit.
