2512 4424
343 263 512 315 puteaux
530 262 752 316 Expostulo.
772 263 852 316 etr.
873 263 922 313 lv.
1107 263 1162 316 219

104 488 1130 517 ΜΜΜΜΜΜΜΜΜΜΜΜΜΜΜΜΜΜΜΜΜΜΜΜΜΜΜΜΜΜΜΜΜΜΜΜΜΜΜΜ
1134 491 1163 517 00

264 697 521 780 lunensis
549 696 757 778 cnutus
787 659 1002 819 Quinti.

578 928 683 937 m...-

101 1047 140 1144 Is
155 1091 247 1158 capite
260 1091 359 1152 tertio,
374 1090 399 1156 i.
413 1093 439 1151 't,
459 1091 476 1142 9
488 1096 515 1142 et
528 1092 571 1153 29,
587 1089 655 1142 dixit
666 1089 744 1157 quod
755 1090 875 1158 populus
890 1090 978 1145 tidelis
990 1092 1025 1144 sit
1043 1090 1160 1144 Abrahae

100 1187 196 1226 semen
213 1177 241 1226 et
259 1171 479 1239 promissionum
498 1172 597 1225 haeres.

134 1285 162 1350 i.
180 1285 226 1344 at,
239 1282 370 1335 indicavit
391 1282 529 1349 duplicem
541 1281 623 1350 hujus
639 1282 758 1336 liaeredis
769 1287 884 1347 statum,
897 1282 1063 1337 minoritatis
1073 1283 1159 1335 nimi-

100 1380 162 1418 rum
173 1372 202 1419 et
216 1365 392 1432 maioritatis3
406 1365 536 1418 indicavit
547 1365 651 1419 ibidem
659 1365 829 1432 judaismum
841 1405 849 1430 ,
866 1371 897 1420 ut
916 1367 1082 1419 minoritatis
1100 1372 1157 1418 sta·

100 1457 172 1513 tum,
188 1448 424 1502 christianismum
440 1448 506 1501 vero
526 1454 557 1501 ut
574 1448 747 1516 maioritatis.

135 1561 194 1611 lloc
206 1555 306 1610 clarius
318 1557 472 1624 explicans,
486 1556 563 1610 addit
582 1559 610 1610 in
629 1558 683 1612 hoc
695 1559 784 1625 capite
795 1563 912 1626 quarto,
929 1559 956 1627 i.
970 1563 985 1610 1
1000 1566 1028 1613 et
1047 1563 1074 1625 2,
1087 1561 1158 1614 sicut

99 1640 206 1704 haeres,
220 1640 311 1692 adhuc
323 1639 413 1692 inians
427 1645 455 1692 et
474 1640 580 1704 minor,
593 1641 657 1694 licet
666 1640 730 1707 jnre
743 1641 779 1693 sit
798 1641 937 1695 bonorum
956 1641 1108 1708 dominus,
1123 1643 1158 1696 de

100 1724 171 1776 tacto
191 1729 283 1776 tamen
297 1737 353 1777 non
364 1722 481 1775 differta
494 1737 586 1786 servo,
604 1723 660 1776 imo
675 1724 779 1790 regitur
791 1723 807 1776 a
819 1724 924 1788 servis,
939 1731 966 1778 et
983 1726 1036 1778 illis
1051 1727 1155 1788 obedit;

135 1832 161 1899 i.
176 1835 202 1885 ὅ.
213 1834 253 1884 lta
270 1846 321 1885 nos
332 1832 436 1896 iudai,
457 1832 580 1899 quandiu
594 1833 716 1886 minores
730 1839 757 1885 et
768 1832 871 1899 parvuli
886 1832 1003 1898 inimus,
1016 1835 1069 1887 suls
1083 1849 1157 1902 prse-

98 1914 187 1980 ceptis
199 1920 227 1968 et
239 1915 412 1986 caeremonijs
423 1915 549 1968 Mosaicae
559 1915 628 1982 legis
642 1914 744 1968 luimus
756 1916 785 1966 in
806 1916 964 1968 servitutem
977 1917 1090 1970 redacti.

133 2023 160 2090 i.
169 2026 196 2075 l.
211 2026 245 2074 At
253 2023 301 2076 ubi
312 2024 387 2076 venit
398 2022 564 2077 minoritatis
575 2029 678 2077 nostroe
687 2023 758 2088 ssnis3
769 2024 815 2076 uhi
827 2038 878 2091 per
888 2025 936 2078 liei
948 2025 1047 2078 Filium
1059 2040 1091 2079 ex
1101 2029 1155 2079 mi-

97 2105 214 2159 noribus
232 2105 294 2158 iacti
308 2121 405 2160 sumus
418 2106 538 2172 majores
551 2112 578 2159 et
596 2106 681 2159 adulti
691 2125 698 2172 ;
709 2112 776 2160 tunc
787 2113 814 2161 et
825 2122 875 2175 per
889 2109 981 2175 ipsum
998 2109 1015 2161 i
1026 2109 1155 2162 servitute

97 2189 167 2256 legis
178 2189 284 2242 liberati
303 2204 416 2254 sumus,
431 2191 513 2256 eique
525 2190 627 2242 servire
639 2189 798 2246 desivimus.

132 2298 160 2366 i.
173 2300 201 2350 6.
223 2297 454 2365 Quandoquidem
465 2313 531 2367 ergo
544 2315 609 2365 vos,
624 2302 641 2354 d
655 2301 755 2354 Galatae
766 2301 772 2354 l
785 2316 836 2369 per
847 2303 1019 2370 Baptismum
1031 2300 1094 2355 lacti
1108 2316 1156 2356 es-

97 2381 133 2434 tis
144 2381 195 2434 tilii
212 2381 279 2446 Dei,
291 2388 318 2435 et
331 2382 445 2448 quidem
456 2381 592 2448 majores,
606 2384 677 2438 sicut
689 2391 717 2437 et
729 2399 794 2449 nos;
813 2385 1040 2453 quandoquidem
1052 2392 1079 2440 et
1094 2387 1156 2453 spi-

95 2465 152 2517 ritu
164 2465 268 2518 Sancto
279 2465 410 2528 animati,
424 2467 480 2517 lleo
493 2465 712 2533 dicerspotestis
725 2484 732 2520 ι
748 2469 828 2521 Peter
840 2508 846 2532 ,
859 2475 954 2534 pater3
967 2468 1025 2535 iam
1038 2482 1095 2522 non
1107 2483 1154 2521 es-

96 2549 132 2599 tis
149 2549 235 2612 servi,
247 2549 296 2601 sed
308 2548 344 2601 ab
356 2547 433 2600 omni
453 2549 583 2602 servitute
599 2550 688 2603 liberi.

131 2657 158 2725 i.
171 2660 199 2710 8.
213 2661 296 2722 usto,
314 2657 466 2711 servieritis
479 2657 575 2723 idolis,
598 2657 661 2710 cirm
674 2660 901 2726 essetispagan13

130 2766 158 2834 i.
172 2768 200 2818 9.
215 2768 250 2819 tt
261 2780 336 2820 nunc
346 2766 445 2820 christi
457 2767 592 2820 beneflcio
604 2769 692 2820 Deum
710 2772 926 2834 cognoscentes,
940 2771 967 2819 et
979 2767 1014 2819 ab
1025 2767 1086 2833 ipso
1097 2770 1153 2820 Deo

94 2850 200 2916 cogniti
216 2854 244 2901 et
255 2848 399 2915 approbati
411 2855 442 2901 ut
454 2849 502 2902 tilii
519 2850 651 2917 legitimi,
666 2849 809 2919 quomodo
822 2863 874 2902 vos
891 2849 920 2901 in
936 2851 1093 2903 servitutem
1106 2864 1153 2902 re-

95 2932 203 3001 digitis,
214 2932 311 2999 legalin
325 2931 488 2985 servantes?
501 2933 527 3002 i.
537 2936 583 2986 10.

129 3044 156 3112 i.
169 3047 215 3095 tt.
229 3042 271 3095 ob
291 3041 364 3093 hanc
383 3048 503 3095 vestram
523 3042 749 3108 superstitionem
769 3045 853 3096 timeo
872 3043 966 3106 vobis3
977 3047 1005 3095 et
1022 3056 1059 3096 ne
1076 3043 1153 3110 quod

94 3139 195 3179 vereor
211 3125 291 3177 vobis
303 3123 412 3177 accidat
423 3164 431 3189 ,
442 3125 559 3178 obsecro
572 3139 635 3189 vos,
648 3126 743 3193 legalia
757 3125 900 3193 negligite,
919 3126 991 3178 sicut
1008 3131 1036 3177 et
1050 3138 1102 3193 ego
1120 3140 1152 3178 ea

95 3207 222 3275 negligo,
237 3207 264 3275 i.
277 3209 322 3258 11.
631 3268 632 3271 ¹

129 3307 170 3360 Ab
191 3306 246 3360 hoc
265 3306 401 3359 versiculo
425 3305 590 3359 duodecimo
611 3305 754 3372 usquead
778 3319 889 3358 versum
908 3307 1069 3373 vigesimum
1092 3309 1151 3375 pri⁴

95 3403 184 3452 mum,
198 3389 268 3442 mirei
285 3389 426 3442 charitatis
446 3372 504 3441 ar'te
517 3388 655 3440 demulcet
671 3402 731 3453 eos,
747 3403 818 3456 quos
830 3387 908 3455 prius
921 3390 1036 3443 vocabat
1055 3392 1152 3445 insen-

96 3481 178 3526 salos.

128 3571 167 3622 lle
184 3568 300 3636 putetis,
318 3566 408 3632 inquit
421 3606 428 3630 ,
443 3580 487 3618 me
506 3566 585 3618 vobis
600 3565 709 3618 iratum.
724 3565 794 3616 llihil
812 3580 857 3619 me
879 3566 1007 3634 privatim
1027 3567 1148 3629 laesistis3

99 3653 151 3704 imo
164 3664 210 3704 me
230 3648 305 3715 apud
317 3662 366 3700 ros
378 3649 586 3714 praedicantem,
603 3646 732 3700 omnibus
749 3647 851 3711 lionis,
866 3650 1051 3716 omnibusque
1066 3647 1150 3701 adec-

100 3733 141 3785 tirs
155 3733 322 3787 testimoniis
333 3732 510 3796 cumulastis,
523 3744 568 3784 me
583 3736 613 3784 ut
630 3730 772 3796 angelum,
788 3731 855 3797 quid
869 3731 953 3785 dico?
965 3736 996 3784 ut
1012 3729 1148 3783 Christum

101 3816 186 3880 ipsum
200 3815 353 3893 recepistis.

132 3924 157 3988 i.
170 3927 214 3978 t5.
230 3923 328 3976 Audeo
340 3921 446 3989 dicere,
460 3935 505 3978 mc
516 3919 578 3990 plits
590 3921 678 3976 oculis
690 3921 787 3975 vestris
799 3921 940 3976 dilexistis.
