2512 4424
144 297 200 351 ido
444 295 647 350 EPISTOLAE
666 295 714 346 ic
732 293 915 348 cantans
1109 349 1111 352 ,

175 389 226 440 lios
252 390 314 452 ipsi,
336 388 381 451 qul
404 388 485 440 ludet
502 389 645 449 naturales,
663 401 709 437 seu
729 388 744 436 d
801 380 1207 449 15‚rcos‚naturn1udaei,et

146 462 280 510 nativitate
293 472 396 519 sumus,
411 472 462 508 non
476 459 593 522 proselyti
611 471 642 509 ex
658 457 746 508 Centi-
767 480 824 519 non
836 479 870 519 0¹
880 464 1016 519 Gentibus
1027 466 1205 528 peccatorem

146 528 195 577 bus
206 527 319 577 infideles
331 530 356 577 et
369 526 506 577 idololatra
522 529 592 588 nati,

90 643 96 653 ·
178 615 291 666 scientes
314 621 401 667 tamen
416 619 484 680 quoq
504 618 668 681 exoperibus
685 617 745 678 legis
801 599 846 684 16ἰ
868 595 993 685 scientes
1016 596 1112 644 autem
1136 586 1208 656 qudd

147 685 261 736 amice
282 700 333 736 non
358 688 513 748 iustihcatur
534 688 625 748 nomo,
646 688 745 748 lustros
768 671 1208 740 nontustrfioeturhomoexone·

147 756 271 805 nimirum
288 755 430 818 spirituali,
447 756 562 817 interna,
578 759 604 804 et
619 755 651 804 ad
666 757 744 802 eitam
768 751 845 803 ribus
867 751 951 816 legis,
976 747 1032 800 nisi
1052 759 1104 813 per
1131 743 1207 797 tidem

147 827 268 873 &temam
283 825 495 886 P⁰f¹¹1¹0¹¹1038ed
511 837 555 887 per
570 824 646 874 fldem
663 825 689 871 in
705 823 747 872 Ῑθ·
767 827 1053 890 lesquristi3etnos
1064 821 1207 877 ianristo

147 905 205 943 sum
220 893 364 954 Christump
375 905 439 953 nos,
451 893 555 953 inquam
565 929 573 951 ‚
584 891 672 940 relicto
687 893 745 938 vltae
768 910 833 958 Jesu
853 904 1009 967 credimus,
1027 906 1058 954 m
1075 899 1208 968 juspffioe,

146 974 237 1025 tenisi
254 965 281 1012 1¹¹
295 976 346 1024 (1¹¹⁰
361 965 416 1012 ¹¹⁸ss
437 969 463 1012 0²
479 963 579 1012 ‘dum
595 974 684 1011 ΝΜ
694 998 701 1021 2
713 961 745 1010 ad
769 1000 831 1037 mur
843 983 940 1036 enfide
951 981 1052 1036 Christi
1076 985 1105 1032 et
1116 991 1208 1032 nones

146 1030 276 1082 Christum
291 1032 465 1094 confugimus,
480 1033 746 1091 christianismumque
769 1060 977 1127 operibuslegis
989 1076 997 1111 :
1009 1020 1128 1125 pfsspqgr
1139 1053 1207 1122 quod

147 1103 304 1163 suscepimus
320 1121 327 1150 e
346 1105 374 1149 ut
389 1113 434 1162 per
450 1101 526 1149 lldem
549 1103 576 1149 in
597 1099 745 1158 Christum,
884 1139 891 1150 ,
1003 1138 1009 1149 ,
1113 1132 1176 1146 ,,

147 1168 271 1227 iustitiam
287 1178 514 1228 consequeremur,
531 1179 588 1228 quae
612 1168 691 1214 uitam
708 1179 747 1214 se·
768 1154 802 1191 εἰ
814 1138 1025 1204 ⁰1³0¹⁸¹b¹¹5108¹⁸
1043 1133 1207 1202 ¹¹0¹¹Jl¹⁸²¹fl·

147 1249 208 1286 cum
222 1237 301 1318 trabit
314 1241 448 1296 aeternam,
459 1239 485 1285 et
496 1249 574 1296 quam
590 1235 630 1284 lex
649 1237 745 1284 nemini
769 1216 877 1269 cabitur
890 1215 982 1267 0¹1¹ssss
994 1227 1074 1266 cam·

149 1305 278 1436 ⁶⁰1Slimehrtgo
291 1377 432 1435 querentes
454 1386 499 1436 per
519 1372 594 1423 tidem
616 1373 643 1422 tn
659 1373 746 1423 cbris-
803 1372 849 1422 i'l.
859 1367 940 1431 Quod
949 1368 973 1420 si
984 1371 1147 1435 quaerentes
1153 1363 1207 1432 y'us·

181 1521 220 1567 15.
232 1519 284 1568 Nos
298 1520 394 1568 noturd
409 1519 523 1568 dodoi...

177 1589 233 1637 lion
245 1594 344 1638 constat
358 1589 426 1652 apud
439 1602 524 1638 sacros
536 1591 650 1638 auctores
663 1587 695 1637 ad
710 1602 804 1650 quem,
817 1587 906 1638 autad
921 1598 985 1648 quos
996 1583 1053 1634 berc
1066 1582 1146 1634 verba
1155 1583 1208 1632 dlri·

148 1662 239 1721 gantur
251 1678 258 1708 ι
269 1661 346 1709 ausit
357 1660 514 1709 continuatio
526 1658 704 1720 obiurgationis
715 1659 781 1708 Petri
790 1696 798 1719 ,
808 1661 838 1707 ut
850 1658 995 1706 existimant
1005 1655 1034 1709 b.
1048 1654 1208 1716 Hieronymus

148 1732 174 1778 et
184 1728 354 1778 Theodoretus
365 1747 372 1778 e
383 1742 430 1789 an,
439 1729 527 1779 relicto
540 1727 629 1787 Petro,
640 1740 783 1777 sermonem
794 1731 876 1776 vertat
889 1726 921 1775 ad
938 1737 1028 1774 omnes
1039 1723 1142 1774 ludaeos
1151 1731 1207 1784 pra·

148 1802 248 1859 sontes,
259 1800 369 1861 seipsum
389 1801 465 1847 etiam
481 1793 711 1859 comprehendens,
726 1809 778 1845 non
793 1798 823 1845 ut
837 1794 941 1843 Petrum
957 1792 1063 1853 doceat,
1075 1791 1121 1841 sed
1140 1790 1208 1840 discl-

147 1867 234 1930 pulos,
252 1870 287 1918 ait
301 1868 331 1919 b.
346 1867 541 1931 Chrysostomus
559 1878 633 1926 zan,
650 1869 748 1914 mutato
768 1875 901 1924 sermone,
915 1861 981 1912 clam
1000 1861 1034 1912 ad
1054 1860 1156 1910 Galatas
1168 1871 1207 1908 suo

148 1937 224 1986 rerba
236 1935 335 1998 dirigat.

178 2005 230 2054 iloo
243 2007 367 2067 posterius
377 2017 436 2053 cum
448 2003 573 2066 plerisque
585 2000 767 2051 recentioribus
779 2002 815 2049 sic
827 1999 891 2061 eligo
903 2003 1027 2061 tanquam
1043 1997 1206 2061 probabilius,

148 2077 178 2122 ut
190 2073 268 2123 fatear
279 2075 380 2135 propter
390 2072 440 2120 hoc
455 2074 483 2121 in
494 2085 521 2120 re
535 2071 600 2120 nibil
611 2073 742 2120 immutari
754 2088 761 2118 ε
774 2069 861 2119 eadem
872 2071 966 2132 quippe
982 2070 1031 2119 erit
1047 2067 1206 2123 ratiocinatio,

148 2143 181 2191 ad
194 2153 373 2203 quemcunque
389 2141 521 2200 dirigatur.

179 2213 266 2272 ltaque
276 2210 430 2273 probabilius
441 2215 478 2258 est
489 2209 556 2271 qubd
569 2209 598 2258 l).
610 2209 676 2258 Petri
695 2210 817 2258 correctio
833 2209 927 2257 linierit
939 2222 999 2258 cum
1012 2221 1040 2256 n.
1057 2210 1095 2257 tl.
1140 2232 1145 2237 ·

179 2279 270 2329 Autem
286 2282 324 2327 15.
343 2277 476 2341 Apostolus
493 2291 538 2327 sua
551 2278 627 2326 verba
648 2279 737 2339 dirigat
757 2278 789 2326 ad
805 2277 919 2336 Galatas,
942 2277 1095 2326 inchoatum
1115 2275 1147 2326 ad
1161 2272 1206 2322 illos

149 2362 291 2400 sermonem
303 2361 465 2411 prosequens.

180 2425 230 2473 Nos
248 2426 311 2485 ipsi,
327 2425 371 2484 qul
391 2423 478 2490 ludaei
492 2425 545 2472 neti
564 2436 653 2472 sumus
669 2437 699 2472 ex
718 2424 812 2472 sanctis
831 2421 958 2485 patribus,
975 2420 1022 2469 sub
1042 2423 1133 2470 sancta
1150 2419 1206 2480 lege,

149 2495 259 2551 noturd,
275 2493 300 2542 id
316 2497 370 2553 ost,
382 2496 513 2541 nativitate
527 2495 620 2542 Jodoi.

179 2570 212 2617 Et
221 2582 272 2617 non
284 2581 312 2616 ec
322 2568 437 2630 pentibus
450 2575 602 2629 peccatores,
613 2567 638 2615 id
649 2570 700 2627 est,
710 2580 761 2615 non
772 2565 907 2629 proselyti,
919 2567 987 2615 siout
995 2567 1075 2615 vestri
1086 2565 1205 2616 doctores:

149 2649 231 2698 neque
243 2637 347 2698 gentiles
365 2637 518 2697 idololatren,
530 2636 591 2698 legis
602 2637 695 2685 divinae
707 2637 804 2696 ignari,
820 2649 850 2684 ex
861 2636 947 2696 impiis
963 2637 988 2683 et
999 2635 1114 2697 profanis
1127 2646 1207 2698 pareo-

149 2706 233 2767 tibus,
244 2710 312 2767 nati,
324 2707 410 2768 quales
421 2707 457 2755 illi
471 2707 582 2756 luerunt.
817 2713 821 2722 ·

182 2791 220 2837 tlt.
236 2789 342 2837 scientes
361 2795 485 2847 eutem...
506 2789 618 2849 persuasi
635 2790 721 2835 tamen
740 2786 807 2848 chd
823 2800 852 2834 ee
870 2785 989 2847 operibus
1006 2786 1069 2848 lepis
1089 2787 1207 2840 hlosaica,

150 2857 235 2907 nullos
248 2858 320 2906 bomo
332 2857 489 2919 justificetur
498 2858 570 2916 vera,
583 2856 708 2918 spirituali
720 2861 745 2905 et
756 2857 854 2904 interna
864 2857 976 2915 justitia,
987 2868 1046 2916 quac
1056 2855 1109 2905 Deo
1119 2861 1208 2918 gratum

150 2926 225 2976 iaciat
237 2932 263 2975 et
275 2927 369 2975 aeterni
379 2927 432 2973 vita
444 2925 559 2985 dignum.

181 3002 238 3050 ilbi
252 3014 297 3061 per
307 3000 400 3061 fidem,
412 2999 437 3046 id
448 3004 486 3047 est
495 3035 502 3058 ,
512 2998 556 3046 sed
568 2999 668 3048 tantdm
681 3013 726 3062 per
739 2999 814 3049 tidem
830 3000 859 3047 in
871 2999 957 3047 Jesum
969 2998 1117 3060 Christum,
1128 3001 1154 3050 ln
1164 2998 1209 3059 tege

151 3068 303 3128 figuratum,
315 3071 340 3114 et
350 3069 503 3127 promissum
517 3071 545 3114 nt
556 3069 635 3128 ipsius
650 3068 710 3129 legis
725 3068 812 3117 linem.

181 3142 214 3189 Et
228 3154 273 3188 nos
285 3140 314 3187 io
328 3141 424 3189 Christo
437 3142 496 3190 Jesu
512 3142 644 3190 credimus.
656 3142 699 3191 Gr.
712 3143 881 3202 credidimus,
896 3148 924 3191 ut
934 3139 1120 3205 justificemur.
1131 3144 1171 3194 Cr.
1187 3142 1209 3190 ut

147 3207 358 3270 justificaremur,
377 3214 442 3269 eic.;
460 3209 554 3268 idest,
572 3212 649 3258 etiam
664 3224 725 3270 nos,
740 3212 867 3272 judaismo
889 3212 994 3271 relicto,
1011 3215 1039 3262 in
1058 3226 1110 3274 quo
1127 3213 1209 3262 notiet

148 3277 251 3327 educati
267 3276 376 3336 luimus,
389 3277 605 3326 christianismum
623 3279 731 3340 amplexi
747 3291 852 3337 sumus,
866 3281 893 3327 iu
911 3279 999 3328 iesum
1016 3281 1149 3332 Christum
1165 3292 1209 3330 me·

149 3345 257 3406 dentes,
270 3349 298 3394 ut
309 3358 353 3407 per
362 3345 438 3395 tidem
450 3349 476 3395 in
485 3359 559 3405 eum,
571 3360 658 3396 ueram
672 3360 883 3408 consequeremur
893 3351 1031 3408 iustitiam.

181 3421 289 3481 Propter
298 3421 364 3480 quod
377 3433 406 3468 ec
419 3421 549 3482 operibus,
564 3421 590 3469 ld
602 3425 652 3480 est,
663 3427 793 3483 propterea
806 3421 873 3482 qudd
886 3443 892 3470 :
905 3436 957 3472 non
970 3429 1008 3472 est
1019 3423 1165 3486 conclusio,
1175 3420 1209 3473 sed

151 3489 265 3550 repetitio
276 3506 285 3536 ι
298 3487 339 3536 vel
352 3488 479 3550 intellige,
493 3492 520 3537 ut
533 3492 614 3538 versio
630 3490 732 3551 Syriaca
744 3509 751 3537 ε
766 3492 886 3549 quoniam
900 3505 929 3539 en
944 3494 1066 3553 operibus
1080 3495 1158 3555 tepla·
1170 3492 1208 3542 sci·

125 3558 129 3565 '
150 3558 226 3618 licet,
240 3561 270 3606 ut
282 3556 342 3618 legis
358 3561 434 3619 sunt,
451 3563 476 3607 et
493 3561 548 3608 sine
561 3560 639 3620 gratia
656 3558 748 3607 Christi
764 3559 851 3618 lactis,
866 3573 917 3608 nort
934 3560 1126 3623 justificabitur
1141 3561 1207 3612 omoit

151 3640 211 3676 coro
227 3646 237 3675 .-
252 3640 296 3676 scu
309 3626 379 3675 nulla
390 3640 461 3687 caro,
474 3627 561 3687 idest,
573 3626 660 3676 nullus
672 3626 749 3675 bomo
759 3664 765 3686 ,
776 3629 828 3675 sive
838 3627 952 3688 judeus,
966 3632 1020 3678 sive
1031 3629 1143 3690 gentilis.

181 3694 329 3755 Quicunque
341 3697 409 3744 enim
421 3696 482 3755 justi
494 3699 570 3753 sunt,
583 3708 612 3743 er
621 3695 670 3743 tide
679 3695 810 3755 justificati
820 3701 892 3756 sunt,
903 3698 971 3746 sicut
981 3697 1126 3759 Abrabam,
1137 3699 1207 3754 lsauc,

150 3765 225 3815 iacob
241 3770 267 3813 et
280 3767 362 3814 caeteri
379 3764 461 3813 sancti
471 3800 478 3823 ,
489 3766 527 3812 ait
537 3763 692 3814 Ambrosius.

184 3850 221 3896 ti.
236 3846 308 3905 Quod
324 3848 347 3894 si
362 3849 496 3907 querentes
502 3844 642 3907 justificari
653 3848 680 3895 in
694 3845 886 3910 Christo...Syr.
898 3848 999 3910 quodsi
1014 3850 1079 3899 dum
1090 3850 1209 3900 studemus

150 3914 282 3974 justificari
297 3927 342 3975 per
356 3913 503 3974 Christum,
517 3915 658 3976 reperimur
669 3918 694 3964 et
708 3917 754 3977 ipsi
768 3922 930 3981 peccatores,
942 3931 1002 3982 ergo
1013 3920 1088 3970 lesus
1105 3921 1209 3970 Christus

92 4044 94 4049 ¹
151 3984 267 4034 minister
281 3988 319 4033 est
328 3984 433 4046 pcccati.
