2512 4424
337 262 504 319 rhrutux
521 269 745 326 EXPOSI'HO.
765 273 846 328 CAP.
866 277 923 331 111.
1105 281 1155 335 30¹

97 391 1157 443 Ἣ

443 509 584 585 olous
605 514 812 594 TERTIUM.

266 665 375 711 TEXTUS·
771 678 955 722 historialem.

96 785 127 837 1.
139 793 261 912 Huius
290 787 331 841 rei
358 787 461 856 gratia.-
486 805 537 859 ego
632 796 719 845 essetis
730 797 798 846 eires
809 801 969 861 sanctorum,
981 801 1159 864 domm,tem-

200 862 309 928 paulus,
320 865 428 918 vinctus
439 866 537 921 chy-5311
607 865 696 923 plum,-
711 863 887 916 habitaculum
904 868 965 929 liei,
982 883 1026 932 ego
1047 871 1157 934 Paulus,

95 937 489 1010 ³⁶⁸⁰’i‘0'0li00ml’lt
560 932 1158 1071 ostiliillicitissimam

560 1066 1158 1186 sclsslgletdudreislndiynantlhus,Evangellum

560 1149 589 1198 pr
638 1150 678 1188 co.

128 1297 190 1348 Car.
203 1298 243 1347 lii.
259 1302 281 1347 t.
295 1298 378 1361 liuius
389 1300 427 1350 res·
438 1301 532 1362 mehe.
541 1302 597 1365 Syr.
606 1308 753 1368 propterea,
763 1306 789 1357 ld
800 1311 854 1368 est,
866 1312 896 1358 nt
907 1313 993 1361 essetis
1004 1313 1071 1362 clvcs
1082 1326 1157 1365 sanc-

95 1367 320 1488 {0213stng
336 1370 476 1433 templum,
495 1371 670 1424 habitaculum
679 1374 738 1436 liei,
750 1375 782 1426 de
796 1378 889 1438 quibus
904 1381 932 1428 ln
951 1381 1033 1444 capite
1044 1382 1155 1433 secundo

95 1506 311 1626 tlblicoAl’ctmgua,
328 1507 422 1559 electus
438 1508 453 1559 l
471 1509 570 1563 Ghrlsto
581 1513 613 1564 ad
632 1513 785 1577 portandum
800 1529 893 1568 nomen
911 1520 966 1580 elus
988 1534 1073 1572 coram
1087 1522 1156 1576 Geu-

134 1588 174 1625 as.
209 1589 243 1626 c.
271 1611 279 1626 .

129 1650 232 1700 Vinctus
250 1649 343 1719 Chriett
360 1651 428 1702 lesu.

128 1718 186 1780 Syr.
204 1720 306 1768 vincins
325 1731 383 1768 sum
400 1719 494 1771 Christi
510 1723 578 1772 lesu.

127 1787 205 1837 Ami).
221 1789 378 1850 mancipium
396 1801 453 1839 sum
473 1792 531 1841 lesu
549 1790 656 1852 Christi,
670 1794 787 1843 vinctum
798 1800 900 1857 propter
915 1809 968 1847 vos.

127 1857 207 1908 iilvus
217 1857 418 1920 chrysostomus,
432 1858 647 1923 Theophylactus:
657 1861 754 1911 cinctus
762 1876 848 1914 sum...
860 1864 886 1914 S.
899 1863 1041 1928 Anselmus,
1051 1869 1080 1918 ii.
1091 1869 1154 1919 'iho-

97 1941 155 1978 mas
172 1945 179 1976 a
197 1928 295 1976 cinctus
310 1941 375 1977 sum.

129 1994 336 2046 Suhaudlcndum
350 2007 408 2057 ergo
418 1996 524 2046 verbnm
539 2010 605 2048 aum.

128 2064 180 2114 llcc
191 2063 252 2112 huic
262 2062 435 2125 supplemento
446 2067 539 2114 resistit
549 2064 671 2115 articulus
681 2079 776 2127 grecus
785 2071 934 2132 prepositus
944 2072 1030 2133 verho,
1042 2073 1156 2126 vinctus:

100 2129 224 2191 δδισμιος.
242 2135 295 2195 Epo
310 2133 425 2190 Paulus,
443 2133 487 2182 ilie
504 2135 615 2196 sinatus,¹
628 2134 671 2184 seh
684 2139 755 2185 notat
774 2137 841 2198 quoa
853 2139 956 2191 vincula
971 2141 1042 2193 Pauli
1063 2146 1090 2194 ln
1103 2148 1156 2194 tota

99 2200 209 2254 Ecclesia
227 2207 308 2252 essent
325 2201 495 2252 celeberrima.

128 2272 237 2334 Scripsit
256 2270 340 2321 Rome
354 2271 442 2320 catena
455 2271 558 2333 ligatus,
577 2275 630 2323 slve
645 2273 712 2324 intra
727 2274 859 2326 biennium
879 2289 930 2340 quo
947 2277 1033 2331 Romus
1047 2282 1094 2332 suh
1108 2283 1157 2332 ml-

100 2339 152 2392 lltis
167 2346 224 2391 erat
235 2340 358 2390 custodie.
373 2340 429 2390 hot.
442 2342 481 2390 28.
495 2345 533 2392 16.

129 2410 195 2472 Quia
209 2412 278 2460 anim
288 2410 410 2460 Gentibus
424 2410 588 2472 Evangelium
601 2412 797 2476 predicaverat,
810 2415 826 2464 h
840 2415 933 2468 iudeis
943 2424 1076 2470 accusatus
1092 2421 1157 2480 tuit,

101 2484 125 2530 et
143 2480 275 2543 propterel
290 2477 395 2530 Romam
414 2481 484 2529 venit
496 2482 614 2540 vinctus,
632 2485 717 2543 utpote
733 2486 777 2544 qul
793 2485 826 2533 ad
841 2484 963 2535 Gaesarem
979 2488 1158 2549 appellaverat.

129 2548 190 2598 Sive
203 2547 293 2598 ultimo
304 2550 362 2598 vitre
372 2561 424 2597 suu
436 2561 521 2609 anuo,
539 2553 564 2598 et
581 2549 656 2612 pauiu
672 2554 731 2601 ants
747 2555 873 2613 mortem,
893 2558 922 2602 ut
933 2554 1022 2603 volunt
1034 2554 1078 2604 alii
1096 2570 1160 2617 quos

101 2620 206 2668 secutus
218 2629 275 2664 sum
289 2617 316 2664 lu
334 2615 493 2679 prelatione,
510 2630 586 2679 quam
599 2619 666 2668 vide.
1028 2656 1031 2664 .

99 2687 237 2806 chi'a'sctua
252 2685 344 2736 Christe·
360 2687 436 2742 suu,
448 2685 474 2735 ld
484 2691 539 2747 cst,
555 2698 600 2749 pro
613 2691 732 2750 nomine,
748 2701 794 2752 pro
809 2689 901 2751 gloria,
918 2694 944 2740 et
961 2693 989 2740 iu
1008 2703 1085 2741 causa
1100 2692 1159 2742 Jesa

137 2756 193 2805 risti

128 2831 185 2878 Pro
203 2828 422 2888 reuocantibus,
441 2830 467 2880 ld
482 2833 536 2890 est,
551 2830 584 2881 ad
602 2831 736 2881 utilitatem
749 2834 776 2880 ct
794 2830 902 2882 salutem
919 2829 1077 2890 vestram,o
1093 2831 1161 2881 Gen-

97 2899 173 2948 tiles!
193 2910 303 2959 quorum
322 2897 403 2948 iactus
421 2912 478 2948 sum
492 2899 593 2959 doctor,
605 2903 630 2949 et
647 2901 706 2960 qula
718 2900 806 2950 salutis
821 2899 927 2950 verbum
942 2899 1014 2948 vobis
1026 2902 1162 2950 annuntio.

128 2980 202 3028 liora
215 2991 371 3029 urrvraaurs.
382 3005 415 3016 -
424 2978 595 3029 Necessariae
612 2980 711 3032 duobus
730 2995 829 3039 onum,
850 2980 962 3040 scilicet,
977 2979 1019 3028 vel
1041 2977 1163 3043 su'pplen-

97 3049 163 3098 dum
180 3050 217 3096 est
229 3047 334 3096 verbum
352 3048 536 3097 substantivum
555 3062 629 3107 eum,
643 3049 683 3098 vel
698 3050 855 3112 parenthesis
870 3047 1043 3109 agnoscenda.

131 3116 248 3165 Prlmnm
261 3114 321 3176 elegi
332 3118 388 3177 post
400 3117 528 3165 versiones
537 3115 675 3179 Syriacam,
688 3118 834 3176 Arabicam,
846 3119 903 3178 post
914 3115 1004 3164 divum
1018 3112 1164 3176 chrysosto

96 3199 190 3245 mum,
203 3183 437 3246 Thmphyiactum,
452 3188 508 3247 post
517 3184 543 3234 S.
556 3185 704 3236 Anselmum
715 3223 722 3247 ,
732 3186 760 3235 ii.
771 3185 912 3242 Thomum,
924 3181 1079 3243 Gagnmum,
1090 3182 1165 3244 'lyri-

97 3267 180 3312 uum,
194 3251 345 3312 Erasmum,
356 3253 535 3303 Fromondum.

128 3320 205 3371 Multi
216 3325 301 3370 tamen
311 3357 318 3382 ,
329 3326 385 3371 turn
396 3324 494 3382 antiqui
505 3360 512 3383 ,
524 3326 582 3372 tum
590 3325 757 3381 recentiores,
770 3320 944 3385 parenthesim
955 3324 1095 3380 agnoscunt
1101 3353 1110 3379 ,
1119 3321 1165 3380 qul

96 3392 206 3454 quidem
220 3401 308 3440 omnes
319 3394 481 3448 consentiunt
491 3392 522 3441 de
537 3393 692 3454 parenthesis
708 3394 796 3450 initio,
815 3391 941 3439 nimirum
959 3400 1035 3438 versu
1054 3388 1166 3438 mulla

96 3463 122 3512 ei
135 3467 220 3510 tamen
234 3461 370 3510 audetis...
385 3461 415 3509 de
430 3460 480 3509 ssue
495 3461 555 3510 vero
575 3461 686 3522 ejusdem
704 3459 863 3522 parenthesis
880 3457 1043 3506 dissentiunt

129 3528 211 3578 Divus
224 3527 392 3591 Hieronymus
405 3528 461 3577 vult
472 3529 539 3590 quoa
551 3528 623 3578 llnlat
634 3542 660 3577 n.
674 3532 698 3578 3.
712 3527 775 3576 lliha'
789 3532 880 3574 notum
895 3524 993 3588 [aetum
1004 3530 1054 3580 est,
1068 3530 1113 3574 ete.
1129 3526 1164 3573 ita

99 3600 131 3646 ut
147 3609 239 3645 sensus
257 3599 306 3645 sit:
321 3599 374 3659 Epo
387 3598 517 3646 Paulus...
531 3598 634 3658 cognovi
648 3596 818 3658 mysterium,
833 3596 883 3642 etc.

131 3662 309 3714 OEcumenlus
321 3669 393 3727 putat
403 3664 470 3727 qaeu
482 3666 580 3714 desinat
590 3678 618 3713 u.
632 3667 656 3713 8.
668 3677 728 3713 casu
739 3665 827 3711 tamen
842 3662 953 3712 mutato.
965 3662 1021 3723 Epo
1034 3658 1163 3709 Pacius„

101 3734 172 3784 mihi
183 3733 297 3783 omnium
307 3741 451 3784 enectorum
468 3735 611 3783 minimo...

132 3802 164 3850 ln
175 3801 226 3850 hac
237 3803 360 3850 sententia
373 3801 612 3863 subintelligendum
623 3805 660 3851 est
676 3802 702 3850 ln
714 3801 798 3863 primo
809 3812 902 3859 versu,
915 3799 971 3860 seo
987 3796 1099 3849 Paetus,
1116 3788 1164 3839 tisi-

101 3870 241 3919 nisterium
261 3868 414 3930 apostolatus
432 3872 497 3920 inter
513 3870 603 3920 Gentes
621 3872 722 3934 accepi,
741 3867 811 3930 quon
829 3868 899 3918 incar
911 3872 991 3916 eata
1007 3884 1015 3915 c
1031 3860 1092 3915 triu
1112 3864 1164 3901 Μ’·

102 3939 176 3988 ctum
190 3942 336 3988 sanctorum
349 3939 452 3990 minimo
470 3941 531 3990 doto
548 3946 583 3990 est
598 3942 685 4002 pretio
701 3939 773 3997 heve,
787 3943 834 3987 ete.
