2542 4432
866 136 879 163 Ο

106 233 141 285 00
272 233 457 287 SECUNDAE
476 232 675 286 EPISTOLAE
694 231 741 281 ΑΙ)
759 226 993 282 CORINTHIOS

134 325 232 376 Purlorl
243 340 311 377 nunc
322 328 414 378 allecta
424 365 430 388 ,
441 326 563 389 spirituali
576 329 600 374 et
613 325 699 373 divino
723 325 778 378 sed
790 338 865 376 nunc
873 323 931 390 jam
944 334 1001 374 non
1020 317 1161 372 novimus.

104 406 164 444 eum
182 407 325 446 reveremur
340 400 365 445 ct
380 395 530 454 adoramus,
548 393 634 455 illique
648 405 699 442 ser-

104 465 237 593 Vir§inquis
253 533 330 593 igitur
353 531 485 582 nobiscnm
504 536 541 581 est
560 534 586 581 in
601 530 699 581 christo
757 531 801 580 ti.
816 528 844 580 si
858 540 913 593 qua
930 539 996 591 ergo
1011 524 1042 575 in
1055 522 1162 575 Christo

105 605 279 663 regeneratus,
293 601 336 650 hic
354 603 417 651 sciat
436 615 461 652 se
483 615 575 652 noram
600 606 699 652 creatu·
722 618 794 658 nova
810 609 951 663 creatura,
965 607 1061 654 vetera
1074 606 1164 652 trans·

104 682 159 720 ram
174 688 180 718 ι
195 669 231 718 illi
249 672 333 717 vetera
348 671 502 718 transierunt
513 688 520 728 ;
532 681 597 717 noua
610 668 700 718 dehent
723 684 834 735 qemun
848 695 913 733 3000
932 679 1004 732 fama
1022 682 1088 730 sung
1101 691 1163 730 om.

104 746 157 784 esse
169 736 263 785 omnia.
274 735 302 784 ln
316 737 426 784 novitate
437 737 495 786 vltae
508 735 627 785 ambulet.
723 761 768 813 nia
783 774 862 813 nova·

10 1002 13 1007 ,
105 955 180 1011 sunt;
198 950 254 999 ideo
270 954 295 1000 et
310 949 453 1012 spirituales
464 949 567 998 luerunt
585 951 611 997 ln
629 950 680 997 vita
702 952 726 998 ct
740 951 766 998 in
781 949 985 1012 operationibus;
1001 947 1164 1011 spiritualiter

105 1022 236 1080 vixerunt,
256 1021 447 1081 cogitaverunt,
462 1016 618 1077 dilexerunt,
633 1022 658 1066 et
672 1020 756 1067 omnia
773 1031 817 1068 sua
832 1019 925 1080 operati
940 1020 1008 1067 sunt.

136 1091 199 1139 ilinc
221 1088 287 1138 nihil
305 1091 407 1150 propter
424 1099 466 1146 se,
487 1090 587 1148 propter
604 1099 649 1135 sua
669 1088 814 1148 commoda,
833 1091 932 1149 propter
949 1099 1025 1136 suum
1041 1086 1164 1135 honorem

105 1161 235 1222 proprium
245 1177 252 1218 ;
262 1156 306 1205 sed
316 1156 408 1204 ellectu
421 1167 496 1216 supra
508 1156 593 1203 omnia
605 1158 688 1204 creata
700 1155 806 1215 elevati,
818 1161 843 1204 et
853 1157 899 1205 toti
911 1158 938 1205 in
948 1155 1026 1204 Deum
1038 1156 1162 1218 absorpti,

105 1239 149 1290 per
164 1229 264 1288 ipsum,
278 1228 379 1287 propter
393 1225 492 1284 ipsum,
506 1227 531 1271 et
542 1225 567 1272 in
580 1225 633 1284 ipso
647 1225 732 1272 omnia
748 1236 793 1272 sua
812 1224 987 1285 operabantur.
1039 1230 1042 1239 ·

136 1295 200 1344 ilinc
214 1296 298 1355 ltaque
315 1305 404 1342 verum
419 1296 455 1341 est
469 1296 494 1341 et
505 1291 707 1341 concludendum
720 1296 812 1353 restat,
830 1295 854 1342 ei
870 1299 949 1342 mente
963 1292 1122 1349 secedimus,
1139 1292 1164 1341 ld

106 1368 161 1425 est,
175 1367 196 1414 si
213 1366 368 1421 insanimus,
389 1361 521 1422 magnldce
535 1362 663 1423 loquentes
677 1363 812 1412 danobis:
832 1365 897 1422 Deo,
920 1367 944 1412 et
963 1365 1066 1425 propter
1086 1362 1164 1412 Deum

106 1435 247 1483 insanimus
269 1451 276 1481 r
296 1431 364 1480 illius
383 1430 466 1492 gloriae
486 1432 588 1494 cupidi,
611 1434 652 1480 cul
668 1433 794 1493 vivimus,
812 1444 864 1481 non
879 1436 988 1492 nostrae,
1012 1432 1055 1481 cul
1071 1433 1164 1482 mortui

106 1515 203 1553 santus.
790 1534 795 1542 .

138 1578 169 1625 Se'
181 1575 261 1625 sobrii
273 1589 378 1633 mmor,
389 1576 474 1634 vobis,
488 1578 509 1626 si
524 1577 652 1638 sapimus,
664 1576 775 1625 modeste
791 1576 920 1638 loquentes
932 1594 939 1626 =
951 1575 1023 1626 vobis
1035 1579 1164 1639 sapimus,

106 1648 207 1708 propter
220 1647 330 1694 vestram
345 1644 466 1705 salutem,
485 1647 528 1694 cul
546 1645 721 1704 intendimus,
742 1644 812 1695 nulla
827 1646 854 1693 in
867 1645 938 1694 vobis
958 1645 1072 1695 carnalla
1094 1659 1164 1709 spec-

106 1718 201 1775 tantes,
221 1714 286 1764 nihil
304 1714 434 1764 carnalea
455 1716 525 1765 vobis
544 1719 688 1778 sperantes,
709 1715 752 1764 sed
772 1728 817 1765 vos
835 1714 1000 1778 spiritualiter
1022 1717 1164 1767 secundum

105 1786 183 1834 ileum
197 1783 336 1844 diligentes.

108 1852 115 1863 '
136 1855 222 1915 ltaque
234 1854 306 1902 nobis
317 1853 426 1913 mortui,
440 1864 493 1901 non
505 1855 590 1901 nostra
602 1864 738 1912 curamus,
752 1865 798 1901 nec
809 1854 974 1914 nosmetipsos
987 1853 1163 1915 predicamus.

136 1923 210 1974 Carni
223 1925 335 1983 mortui,
349 1924 478 1972 neminem
499 1921 639 1971 secundum
657 1935 760 1971 carnem
775 1923 949 1983 cognoscimus
962 1926 1007 1971 aut
1018 1922 1147 1984 diligimus
1155 1943 1163 1984 ;

106 2006 153 2042 nec
163 1994 301 2054 querimus
316 1993 386 2042 vobis
400 1991 533 2042 carnaliter
551 1990 664 2053 placerc;
682 2004 729 2040 nec
747 2004 793 2041 nos
808 1991 878 2040 vobis
889 1991 1023 2041 carnaliter
1034 2004 1164 2042 commen·

105 2062 175 2110 datos
190 2062 303 2111 reddere.

137 2130 185 2179 Sed
195 2131 245 2180 Deo
257 2134 386 2189 viventes,
402 2129 446 2177 Dei
460 2128 564 2189 glorium
576 2129 602 2177 ln
614 2129 732 2178 omnibus
744 2130 881 2190 quaerlmus
894 2146 901 2177 ε
913 2127 1043 2177 Christum
1054 2166 1062 2190 ,
1074 2129 1163 2180 mundi

106 2199 272 2258 salvatorem,
288 2197 450 2261 spiritualiter
460 2196 580 2255 etdivlne
591 2197 734 2257 diligentes,
745 2198 851 2246 salutem
870 2210 914 2259 per
926 2196 1056 2247 Christum
1068 2198 1163 2249 mundo

106 2270 191 2318 datam
203 2305 210 2328 ,
223 2273 248 2317 et
259 2268 331 2318 robis
342 2267 476 2327 omnibus,
490 2278 552 2328 quos
566 2268 592 2315 ln
604 2266 726 2316 charitate
737 2266 829 2316 Christi
843 2266 985 2328 diligimus,
997 2269 1069 2317 omni
1081 2267 1163 2318 studio

106 2350 241 2400 procurare
256 2339 402 2398 satagimus.

136 2407 168 2456 lit
180 2406 235 2456 haec
249 2409 287 2455 est
301 2417 361 2456 vera
378 2403 488 2466 apostoli
508 2409 594 2454 contra
614 2403 877 2467 pseudoapostolorum
898 2403 1039 2455 calumnias
1054 2405 1163 2456 defensio

106 2481 131 2524 et
143 2475 298 2536 Justlllcatlo.

136 2544 186 2594 Nec
202 2547 364 2607 semetipsum
380 2544 580 2603 commendarim
596 2558 643 2594 nec
658 2544 811 2605 Corinthiis,
825 2547 869 2593 aut
880 2542 935 2594 aliis
947 2544 1096 2595 hominibus
1107 2558 1163 2595 car·

106 2615 196 2664 naliter
205 2614 304 2677 placere
315 2615 412 2665 studuit
423 2635 430 2664 =
445 2615 489 2664 sed
499 2614 542 2663 Del
554 2615 658 2677 gloriam
669 2617 694 2664 ct
705 2617 877 2677 proximorum
887 2613 994 2664 salutem
1005 2615 1033 2664 in
1046 2615 1164 2665 omnibns

107 2687 158 2733 suis
174 2684 290 2746 operibus
304 2688 328 2733 et
342 2685 426 2734 serbis
440 2687 563 2746 quesivit.

137 2753 156 2802 0
169 2754 285 2803 divinum
299 2754 387 2815 agendi
399 2754 504 2803 modum
515 2755 520 2802 l
533 2752 612 2801 Deum
624 2754 650 2801 ln
669 2753 786 2802 omnibus
798 2757 909 2815 spectare
919 2790 926 2813 ,
938 2751 1061 2814 diligere,
1080 2754 1163 2803 inten-

107 2822 183 2883 dere;
201 2826 301 2885 propter
316 2823 410 2882 Deum,
424 2820 531 2870 salutem
552 2823 659 2882 proximi
679 2823 748 2870 omni
767 2822 850 2871 studio
868 2824 1019 2884 procuraret

138 2892 205 2942 Talis
224 2893 272 2942 tuit
289 2892 463 2955 Apostolorum
478 2891 567 2952 agendi
587 2890 686 2939 modus.

138 2963 204 3013 Talis
218 2969 242 3011 et
260 2970 319 3013 tuus
332 2975 385 3012 esse
396 2962 484 3021 debet,
499 2964 524 3009 ct
538 2960 569 3009 de
588 2959 637 3009 hoc
657 2963 768 3010 moneris
787 2964 813 3010 in
827 2975 901 3011 versu
919 2963 1043 3023 sequenti.

140 3055 177 3099 ti.
191 3052 221 3100 si
230 3064 281 3112 quo
294 3064 352 3113 ergo
363 3051 391 3099 in
406 3048 502 3098 Christo
513 3060 579 3096 cova
590 3053 707 3096 creatura
721 3069 729 3097 :
744 3055 856 3098 cetera...
868 3049 911 3098 Gr.
922 3051 943 3098 si
958 3051 1014 3110 quis
1025 3050 1052 3098 ln
1064 3049 1163 3100 Christo

107 3133 171 3170 nova
186 3124 300 3169 creatura
316 3134 323 3168 r
339 3123 439 3178 vetera,
451 3121 500 3166 etc.
514 3116 570 3178 Syr.
591 3118 704 3178 quisquis
717 3119 792 3179 igliur
804 3121 832 3167 in
845 3119 942 3168 Christo
958 3123 1013 3178 cst,
1030 3118 1112 3169 lactus
1127 3108 1163 3169 elt

105 3203 169 3239 nova
188 3194 311 3239 creatura.

136 3259 268 3309 Concludit
281 3256 427 3321 Apostolus,
439 3266 646 3316 unumquemque
664 3255 835 3307 Christianum
853 3269 960 3306 nronens
971 3257 1002 3306 de
1016 3270 1062 3308 sno
1079 3262 1163 3320 statu,

106 3332 130 3377 et
143 3340 201 3377 eum
214 3328 246 3377 ad
257 3329 394 3377 novitatem
405 3325 463 3372 vitae
475 3326 499 3370 et
510 3335 610 3372 morum
624 3324 766 3375 exhortans.

125 3406 204 3459 ‘Nom
219 3423 251 3459 ro
266 3418 530 3458 instauraturum-
543 3404 672 3456 Utautcm
687 3408 754 3457 hanc
769 3407 957 3458 conclusionem
976 3408 1067 3460 melitis
1082 3410 1164 3472 percl-

104 3481 158 3541 pias
168 3517 175 3540 ,
187 3484 212 3528 et
221 3479 304 3528 tertiis
315 3477 509 3535 connexionem,

135 3547 258 3607 adverte,
273 3548 299 3594 ln
316 3546 444 3606 superiora
461 3547 606 3608 reflectens,
625 3545 692 3609 quod
712 3545 762 3596 duo
780 3549 888 3596 asseruit
899 3547 1049 3610 Apostolus,
1066 3551 1092 3598 et
1104 3548 1164 3600 indo

105 3617 155 3666 duo
164 3619 217 3679 jam
229 3612 360 3666 conclusit.

138 3693 176 3740 tt.
195 3690 308 3739 deseruit
322 3688 388 3750 qudd
405 3690 516 3742 Christus
526 3707 573 3755 pro
590 3692 705 3741 omnibus
724 3697 840 3741 mortuus
858 3698 907 3753 est;
921 3692 1030 3754 hincque
1044 3692 1162 3757 collegite

106 3772 165 3822 ergo
176 3771 259 3808 omues
270 3759 366 3810 mortui
376 3766 446 3818 suut,
461 3766 485 3810 et
495 3765 676 3822 consequenter
692 3766 717 3810 et
729 3772 775 3810 nos
788 3762 881 3810 mortui
894 3773 1010 3821 eramus,
1021 3763 1107 3824 sicque
1117 3775 1163 3828 pro

105 3840 147 3878 me
156 3827 172 3876 d
182 3830 262 3875 morte
274 3825 401 3877 liberando
412 3834 527 3889 mortuus
544 3835 582 3880 est
595 3829 716 3878 Christus.

140 3911 178 3967 tu.
191 3908 320 3971 saeuit,
334 3911 389 3963 ideo
403 3925 451 3978 pro
465 3912 580 3964 amciter
592 3917 707 3962 stortura
715 3919 749 3963 ert
764 3911 889 3973 emtus,
899 3913 957 3963 otii
967 3914 1010 3975 qul
1021 3925 1065 3976 per
1079 3915 1163 3977 ipsum

327 4053 376 4064 amu·
382 4051 430 4061 ..ο-ι.
438 4051 499 4058 ...a-...-
505 4049 525 4057 «r.
535 4048 574 4056 aa·-
