2512 4424
95 266 150 318 994
387 255 594 313 EPlS'l'CLAE
612 256 662 309 lb
679 254 870 309 Ephesios

125 355 213 418 Quoad
220 354 371 415 secundnm,
377 356 533 404 mementote
539 349 607 413 quod
614 363 696 409 nnnc,
753 353 887 404 15,qu
898 354 992 402 autem
1009 346 1039 400 ῑῃ
1050 343 1156 400 (affl,

97 437 129 476 ex
141 437 191 486 quo
202 426 230 472 iu
241 422 371 472 Christum
383 422 538 479 credidistis,
719 430 802 490 jesu,
983 435 988 443 ·

128 503 194 563 ios,
209 506 254 566 qui
268 503 404 566 aliqnando
422 506 499 552 cratis
514 501 696 564 iongeliieo‚
719 517 785 566 ros,
811 501 860 569 qui
892 498 1044 567 aliquando
1076 494 1158 550 eratis

97 573 241 632 hemiolo,
258 575 274 622 a
292 575 388 635 pactis,
408 575 424 621 a
443 570 697 634 promissionibus,a
720 579 817 644 longe,
1008 574 1016 585 ·

97 642 218 690 societate
228 641 320 700 israel,
332 654 384 690 uno
398 642 518 700 rerbo,a
531 639 629 698 sainte;

128 709 217 769 Nunc,
240 712 359 770 inqrmm,
380 709 439 758 iacti
462 711 523 758 estis
542 721 633 771 prope,
652 719 697 755 seu
720 715 861 769 facpiesfis
871 726 961 780 prope

96 779 233 840 propinqui
242 776 286 825 liei
293 813 301 836 ,
308 775 401 825 Christi
410 813 418 835 ,
427 775 540 835 israelis,
552 780 578 825 et
587 776 698 824 beatitu-

98 846 180 906 dinis,
1061 860 1065 864 ·

129 917 176 965 Per
186 918 351 976 sangninem,
363 927 465 977 son-per
476 915 567 963 merita
575 912 699 974 passionis
720 910 751 962 in
762 909 897 977 sanguine
911 899 1023 958 Christi.

98 986 224 1033 ctmortis
233 984 335 1034 Christi.

131 1052 185 1115 ipse
199 1055 267 1101 enim
287 1058 325 1100 est
343 1050 558 1113 pacibcator,qui
575 1059 628 1097 non
648 1047 699 1096 lieo
755 1051 800 1100 ll.
813 1044 1162 1114 rpseenimoetpaxnos·

101 1120 184 1170 soidm
197 1135 243 1171 nos
253 1120 444 1180 reconciliarit,
725 1129 781 1186 rra,

132 1208 180 1257 Sed
188 1211 214 1256 et
222 1207 231 1264 i
239 1207 307 1268 quod
318 1211 356 1256 cst
364 1207 441 1266 hujus
451 1205 544 1253 divina
554 1202 705 1253 reconcilias
723 1201 773 1268 qui
783 1200 849 1254 iecit
863 1207 982 1270 utraque
993 1216 1100 1268 unum,

100 1278 178 1326 tionis
189 1276 289 1336 sequela
300 1275 308 1335 i
320 1279 457 1334 utrumque
470 1270 701 1333 popuium,1ndai-

102 1358 162 1395 cum
184 1349 210 1394 et
226 1344 360 1406 gentilem,
378 1341 561 1392 conciliatrici
577 1340 660 1388 univit
674 1342 701 1388 in

101 1425 155 1462 una
167 1411 277 1461 Ecclesia
288 1448 295 1471 ,
305 1411 353 1460 sub
363 1422 415 1458 uno
429 1410 528 1470 capitc;
947 1459 955 1475 .
1134 1459 1141 1472 ι

132 1481 233 1530 liuram
243 1517 250 1538 ,
262 1481 307 1540 oni
330 1477 429 1526 modius
448 1481 519 1537 erat,
531 1479 557 1525 et
572 1476 701 1526 indasosl
724 1473 752 1521 et
763 1466 887 1520 modium
895 1466 1032 1530 parietem
1038 1471 1165 1512 maccrrae

103 1549 225 1599 Gentibus
242 1549 390 1610 separabat,
403 1551 505 1609 eratque
523 1561 599 1597 causa
614 1560 703 1610 porpo-
725 1548 850 1611 soirens,
861 1540 1020 1597 inimicitias
1036 1539 1067 1592 in
1085 1548 1166 1593 carne

103 1622 208 1666 tuarum
216 1618 410 1666 inimicitiarum
419 1618 486 1666 inter
495 1617 595 1666 Judaeos
606 1616 703 1666 otiien·
726 1639 777 1679 sua
789 1641 799 1678 ς

103 1685 176 1746 tiles,
188 1685 320 1735 destruens
331 1697 377 1748 psr
387 1689 495 1735 mortem
505 1698 582 1747 quam
590 1687 618 1735 in
626 1698 703 1735 carne

104 1767 152 1804 sua
166 1753 261 1804 subivit
266 1773 276 1814 ς

135 1947 193 1997 ilaec
213 1950 312 2009 cogita,
328 1951 409 2007 time,
430 1961 491 1997 care
508 1967 515 1997 ε
536 1959 570 1997 ne
584 1947 632 1997 tibi
647 1948 812 2008 contingant,
832 1949 903 1994 utero
920 1944 964 1993 liei
974 1944 1064 2005 -gratid
1083 1942 1129 1993 tibi
1140 1944 1165 1991 in

105 2018 204 2069 Christo
219 2022 245 2068 et
262 2023 364 2081 propter
379 2019 508 2068 Christum
524 2018 601 2067 iacti.

138 2108 176 2155 tt.
191 2106 262 2155 Nunc
275 2110 389 2153 auum...
407 2104 485 2165 Syrus
498 2119 568 2155 nuno
583 2109 670 2154 autem
687 2116 733 2166 per
745 2103 831 2152 lesum
847 2102 976 2152 Christum
986 2115 1050 2162 ros,
1067 2103 1111 2164 qui
1121 2098 1165 2149 ait-

105 2174 206 2236 quando
219 2174 348 2233 longinqui
365 2174 456 2233 eratis,
468 2173 527 2222 iacti
547 2176 606 2221 estis
618 2175 752 2234 propinqui
770 2175 796 2219 in
817 2171 939 2232 sanguine
958 2171 1063 2220 Christi.

137 2242 213 2301 Quasi
224 2242 334 2289 diceret:
348 2241 384 2288 Ex
394 2254 444 2301 quo
452 2241 588 2290 Christiani
598 2241 657 2290 iacti
668 2243 740 2299 estis,
750 2240 804 2289 haec
815 2241 899 2288 omnia
910 2252 967 2300 quae
975 2240 1048 2288 robis
1059 2238 1165 2296 deerant,

107 2309 176 2357 dedit
187 2321 255 2357 mors
271 2313 296 2356 et
306 2312 407 2370 sanguis
420 2309 521 2358 Christi.

137 2377 238 2426 Habetis
256 2377 401 2438 Christum,
422 2378 519 2427 habetis
537 2379 630 2438 ileum,
647 2378 744 2426 habetis
757 2381 800 2438 jus
820 2378 852 2426 ad
872 2376 1047 2426 haereditatem
1064 2376 1123 2438 liei,
1138 2373 1166 2423 ad

107 2449 227 2496 marnam
240 2452 385 2496 sanctorum
396 2452 550 2498 societatem.
567 2449 627 2496 Vide
641 2449 824 2510 paraphrasim.

139 2515 196 2566 iiaec
209 2519 237 2566 in
255 2522 339 2566 mento
354 2530 452 2580 semper
467 2518 571 2578 habete,
586 2523 614 2565 ut
624 2517 674 2565 ileo
686 2521 777 2578 gratias
788 2519 883 2578 agatis,
896 2521 921 2566 et
932 2521 961 2566 ut
971 2517 1060 2566 sancto
1072 2517 1165 2565 stratis.

139 2592 168 2639 io
179 2593 300 2653 sanquine
311 2592 413 2641 Christi.

139 2659 255 2708 Oanima
268 2659 421 2719 christiana,
437 2662 501 2708 tanti
512 2658 596 2708 vales!
608 2661 698 2708 merito
709 2661 832 2721 passionis
843 2664 868 2708 et
878 2661 1011 2721 sanguinis
1024 2659 1133 2720 Christi,
1145 2669 1166 2706 cs

108 2733 134 2778 et
150 2728 227 2777 habes
237 2728 359 2790 quidquid
372 2741 398 2777 es
410 2733 435 2778 st
445 2729 531 2777 habes.
914 2745 920 2755 ⁹

139 2797 237 2847 Gratias
251 2809 296 2858 age
310 2797 409 2846 Christo
425 2798 457 2846 de
475 2800 544 2846 omui
557 2799 625 2846 bono
640 2799 707 2858 quod
722 2809 767 2859 per
783 2800 866 2860 ipsum
882 2797 994 2859 possides
1012 2800 1041 2847 in
1057 2798 1167 2848 christia-

109 2868 201 2915 nismo.

140 2934 217 2983 Serra
229 2933 336 2984 tidehter
349 2938 374 2983 et
386 2936 481 2984 attento
494 2937 600 2996 gratim
616 2946 693 2994 quam
704 2937 765 2995 tibi,
779 2938 819 2984 sui
833 2937 964 2996 sanguinis
977 2937 1074 2998 pretio,
1090 2935 1167 2996 acqui·

110 3004 177 3051 sirit.

140 3076 205 3124 Cave
216 3089 249 3126 no
262 3090 311 3138 qua
323 3077 380 3126 vilis
396 3082 511 3127 creatura
522 3082 547 3124 te
562 3080 660 3139 separet
673 3077 687 3124 a
699 3077 762 3138 lieo,
774 3080 816 3127 cui
832 3077 947 3128 Christus
963 3089 1008 3139 per
1026 3090 1104 3127 suum
1116 3089 1167 3126 san·

110 3144 213 3202 guinem
228 3148 253 3192 te
266 3144 325 3194 iecit
335 3149 510 3208 propinquam.

144 3231 181 3276 tt.
191 3230 245 3290 ipse
254 3234 319 3279 enim
328 3238 361 3281 ert
367 3240 540 3294 posposiro...
548 3245 610 3294 poc,
620 3235 797 3293 metonymice,
806 3245 851 3294 pro
857 3234 1020 3296 pacificator,
1030 3247 1074 3284 seu
1084 3234 1169 3285 taciens

111 3307 215 3358 pacem,
227 3297 329 3346 edoctus
340 3312 385 3360 pro
401 3313 485 3348 causa.

143 3364 198 3424 ipsc
207 3363 319 3415 Christus
332 3372 421 3416 auctor
435 3373 472 3416 est
484 3371 552 3429 pacis
563 3368 705 3417 Judaeorum
714 3372 738 3416 et
751 3367 898 3418 Gentilium.

146 3437 196 3496 Qui
210 3436 266 3498 [ccii
278 3445 397 3502 utraque,
410 3441 484 3490 idest
496 3442 779 3502 utrumquepopuiurn,
793 3442 891 3493 ludaeos
902 3447 927 3493 ct
941 3443 1072 3510 Gentiles,
1085 3462 1170 3505 uncus

113 3515 156 3552 eos
165 3505 247 3554 univit
259 3507 285 3554 in
298 3520 347 3556 uua
358 3509 486 3569 Ecclesia,
497 3510 543 3558 sub
555 3522 607 3558 uno
619 3515 644 3558 et
659 3508 746 3557 eodem
761 3512 851 3572 capite.

144 3577 252 3627 liedium
261 3581 382 3641 parietem
390 3585 505 3632 mocaioe
517 3584 620 3631 soluens.

144 3643 250 3695 blaceria
266 3652 304 3696 est
314 3660 403 3697 murus
417 3662 447 3697 ex
457 3648 580 3710 lapidibus
593 3662 644 3698 non
655 3652 827 3713 caementatIs,
842 3651 948 3714 ideoque
964 3654 1041 3708 iaciid
1058 3660 1172 3712 solubilis.

144 3711 190 3762 Per
201 3714 267 3764 hanc
280 3717 416 3763 maceriam
427 3716 490 3763 bene
500 3717 654 3776 significatur
664 3717 703 3766 len
714 3719 816 3778 judaica
826 3757 833 3780 ,
843 3735 898 3782 quae
908 3728 964 3773 erat
977 3733 1109 3790 congeries
1120 3742 1173 3794 pre

115 3783 263 3842 ceptorum,
279 3783 335 3829 sinc
347 3780 468 3830 charitate
478 3819 484 3841 ,
494 3795 549 3842 quae
560 3787 597 3831 est
605 3787 684 3834 instar
693 3791 807 3836 camunti
819 3793 845 3837 et
854 3789 975 3853 glutinis3
988 3807 1069 3855 quam
1081 3797 1119 3844 lex
1134 3799 1173 3844 iso

116 3862 167 3901 non
177 3850 335 3910 continebat,
346 3853 437 3900 timore
447 3855 526 3913 magis
537 3867 639 3916 cogens,
651 3859 726 3917 quam
738 3872 823 3908 amore
834 3861 964 3924 alliciens,
976 3868 1014 3914 ait
1023 3867 1053 3916 b.
1065 3869 1172 3917 Thomas.

148 3925 308 3982 iuimicitias,
321 3923 347 3972 id
363 3931 416 3986 est,
433 3938 535 3975 oausam
550 3929 742 3980 inimicitiarum
758 3938 938 3996 perpetuarum
959 3939 1029 3988 inter
1047 3947 1174 4002 utrumque
