2512 4424
146 258 200 313 822
229 284 233 291 ·
434 260 634 315 EPISTOLAE
654 260 704 312 tn
721 257 916 312 ernustes

147 357 222 414 cuius
246 357 330 417 partes
357 358 384 406 et
411 355 510 417 singula
533 354 648 404 membra
667 352 744 404 simul
765 352 1045 421 omnemjuncturam

146 420 233 480 iuncta
247 424 307 470 sunt
318 424 344 470 et
358 424 528 484 compaginata
543 434 587 483 per
598 422 743 481 juuctmas,

176 506 236 588 Quae
258 506 451 557 subministrant
473 509 590 570 spiritum
611 510 638 555 et
651 507 744 567 muas
766 491 1048 554 Submlssislfflfillsssss

149 575 347 705 eximinii]
367 643 407 693 sui
423 646 502 705 ipsius
517 643 745 704 lacit,seuauges
767 627 920 681 secundllm
951 628 1148 695 operationes
1178 628 1206 687 ltl

150 713 198 770 cit;
214 710 290 772 itique
304 713 330 760 vi
351 716 376 759 et
397 711 508 760 efficacii
529 709 620 759 Christi
634 747 642 769 ‚
656 713 745 772 capitis
767 720 925 758 mensuram
987 705 1208 773 uniuscujusque

150 781 220 830 intus
230 783 326 841 agentis
336 818 343 840 ,
355 783 381 829 in
390 793 537 830 mensuram
545 817 553 838 ,
562 791 607 829 seu
615 791 662 842 pro
669 780 745 829 modo
767 784 884 836 membri
897 791 1079 851 augmentum
1086 785 1209 853 eorporis

151 854 177 898 et
190 850 311 911 exigentii
326 851 447 910 cuiusque
457 849 582 908 membri,
768 861 850 924 facit,

181 941 210 990 in
227 940 417 989 edificationem
431 938 539 994 sui,scu
553 940 580 987 ut
591 939 702 999 scipsum
715 950 747 986 te
769 940 796 990 in
808 938 1022 993 aediticetionem
1034 938 1080 994 sul
1095 940 1125 993 in
1143 938 1208 993 ebt·

150 1009 250 1069 illicet,
267 1010 364 1072 hocque
373 1022 480 1071 corpus,
491 1007 559 1069 quod
570 1012 608 1058 est
617 1008 745 1068 Ecclesia,
768 1018 858 1070 ritate,

151 1080 263 1144 perficiat
275 1093 320 1143 per
330 1080 489 1129 charitatem.

182 1241 233 1290 Per
244 1253 340 1289 omnem
349 1238 514 1301 juncturam,
530 1249 575 1286 seu
587 1237 796 1294 commissuram,
808 1235 835 1284 hl
846 1237 892 1296 est,
902 1248 947 1298 per
961 1239 1082 1285 mutuam
1092 1237 1209 1288 unionem

152 1310 203 1371 qut
216 1313 240 1358 ct
253 1309 299 1357 sibl
313 1310 421 1356 invicem
435 1306 579 1364 adhaerent,
591 1308 617 1353 et
629 1303 728 1354 Christo
739 1305 815 1365 capiti
825 1316 880 1353 suo.

181 1378 212 1428 o.
222 1368 376 1440 [agustinus
386 1376 461 1425 habet
471 1387 516 1436 per
527 1386 630 1423 omnem
641 1377 748 1432 tactum,
755 1372 874 1434 intellige,
881 1384 926 1436 per
934 1375 1085 1423 contactum
1095 1376 1209 1425 mutuum

153 1447 325 1497 membrorum
341 1445 388 1492 sibi
406 1456 450 1505 per
461 1445 595 1502 iuncturas
611 1441 802 1492 coherentium.

185 1518 447 1574 Subminhtrotioots,
460 1529 505 1566 seu
523 1515 774 1576 subministrantem,
790 1516 816 1567 id
833 1519 884 1577 est,
898 1516 990 1579 qulbus
1006 1519 1139 1578 iuncturis
1156 1517 1207 1568 me

155 1590 247 1648 cuique
255 1586 368 1635 membro
378 1586 584 1649 subministratur
592 1588 711 1648 spiritus,
722 1598 768 1635 seu
779 1585 864 1647 gratiae
875 1584 1028 1648 spirituales.

184 1657 356 1706 llinlstrorum
369 1653 427 1714 grad
432 1668 460 1702 ns
476 1656 502 1702 ln
518 1652 646 1715 Ecclesia,
659 1667 704 1704 scu
721 1657 791 1705 varia
804 1656 963 1714 ministeria,
975 1652 1131 1717 respondent
1137 1657 1206 1716 iuue-

156 1727 219 1775 turis
230 1724 341 1785 corporis
359 1721 496 1782 naturalis,
509 1726 620 1783 suntque
629 1725 701 1783 quasi
712 1735 772 1772 rasa
783 1723 969 1784 suppeditantis
984 1724 1106 1784 spiritum
1116 1727 1142 1773 et
1156 1735 1206 1786 gra·

155 1797 218 1855 tias3
227 1808 271 1843 seu
285 1806 329 1856 per
340 1805 395 1854 quae
411 1792 524 1842 Christus
537 1793 679 1855 suppeditat
693 1795 810 1855 spiritum
824 1797 849 1841 et
861 1795 977 1854 gratiam.

185 1881 352 1940 Aopmeotom
372 1877 486 1937 corporis
503 1873 581 1935 fucit,
600 1873 710 1933 scilicet,
727 1885 819 1936 eorpus
835 1873 895 1924 laclt
906 1879 1075 1935 augmentum
1093 1875 1204 1938 corporis,

157 1949 183 1999 hl
192 1952 230 1998 est
239 1985 246 2008 ,
254 1946 304 1996 sul.
316 1945 476 1995 liebraismus
489 1948 540 2005 est,
551 1956 611 2007 pro,
623 1945 729 2003 crescit,
740 1946 859 2005 augescit.

188 2031 328 2083 Secundum
340 2031 516 2091 operationem.
528 2027 572 2077 Gr.
585 2027 711 2088 ὶνιῃιίαν,
728 2025 819 2086 idest,
833 2040 878 2088 per
893 2029 1012 2077 intimam
1029 2029 1085 2077 rim
1097 2030 1124 2078 et
1133 2027 1204 2079 euu-

157 2107 223 2154 ciam
234 2102 324 2151 Christi
339 2100 426 2160 capitis
443 2097 511 2146 intus
526 2100 621 2160 agentis
632 2100 657 2146 et
673 2098 750 2145 etiam
766 2098 965 2158 uniuscujusque
980 2098 1091 2148 membri
1108 2097 1203 2148 aumo-

156 2178 213 2224 tum
224 2171 442 2222 subministratum
459 2171 485 2216 in
499 2181 525 2216 se
536 2168 714 2217 convertentis.

188 2249 217 2295 in
228 2257 370 2294 mensuram
382 2243 578 2306 uniuscuiusque
589 2242 696 2292 menbri
703 2278 712 2300 ,
720 2240 747 2290 id
755 2244 806 2300 est,
818 2244 909 2291 cressit
917 2254 963 2305 pro
973 2242 1051 2291 modo
1062 2247 1087 2293 et
1096 2242 1202 2308 exigentia

158 2316 357 2374 uniuscuiusque
372 2314 487 2362 membri.

188 2383 258 2431 Sicut
269 2383 338 2430 enlm
352 2384 379 2430 in
392 2394 493 2443 corpure
509 2380 619 2430 naturali
636 2381 732 2440 maiora
747 2380 861 2428 membra
876 2379 957 2440 magls
972 2385 1128 2442 augescunt3
1142 2382 1172 2430 lta
1181 2380 1201 2426 lu

158 2454 264 2514 mystico
279 2464 398 2513 corpore,
413 2451 522 2513 Apostoli
536 2455 561 2498 et
573 2453 718 2510 qiricuuque
728 2452 860 2499 sanctitate
874 2452 995 2510 majores,
1005 2451 1088 2513 magis
1103 2451 1201 2501 crescunt

160 2526 186 2571 in
198 2521 318 2570 charitate
330 2525 355 2569 et
365 2523 392 2569 ln
406 2520 522 2568 omnibns
533 2514 678 2567 virtutibus.

188 2599 217 2645 Ιη
230 2595 419 2656 edificationem
432 2593 583 2642 Ecclesia...
594 2595 619 2639 et
632 2592 681 2640 hoe
693 2591 749 2640 ideo
762 2591 807 2650 tlt,
819 2597 847 2640 ut
858 2603 902 2654 per
918 2591 1071 2642 charitatem
1084 2597 1200 2648 mutuam,

160 2671 184 2718 et
193 2680 237 2729 per
247 2663 387 2714 dilectionis
402 2663 481 2712 otllcia
491 2700 497 2720 ,
507 2665 644 2724 mysticum
657 2659 749 2710 Christi
761 2662 944 2723 corpus,·quod
957 2667 996 2711 est
1008 2662 1129 2724 Ecclesia,
1138 2659 1202 2711 ailli-

160 2741 246 2796 cetur‚
258 2733 427 2796 compleatur,
442 2732 595 2794 pelliciatur.

189 2820 394 2868 Casanvirroaas
413 2814 678 2864 pecuinam—ilinc
701 2814 789 2876 collige
806 2813 949 2864 mirabilem
969 2819 1084 2877 corporis
1103 2812 1201 2865 Ecclesia

160 2889 324 2938 oecouomlam
339 2904 345 2933 z
361 2885 440 2945 ipsius
454 2887 529 2945 capnt
540 2921 546 2943 ‚
559 2882 687 2942 Christus;
704 2887 755 2930 tota
768 2883 877 2932 Ecclesia
887 2921 894 2943 ,
904 2894 996 2944 corpus
1005 2904 1012 2940 ς
1021 2884 1113 2946 singuli
1125 2881 1201 2937 fideles,

160 2957 287 3016 mombra;
304 2954 475 3002 membrorum
492 2953 635 3011 iunctura,
656 2953 846 3013 prepositorum
869 2955 895 3000 et
913 2954 1093 3004 ministrorum
1112 2951 1201 3015 padue

160 3027 261 3084 anima,
279 3024 396 3072 charitas.

190 3094 225 3141 lie
235 3096 320 3141 tamen
331 3092 391 3140 hinc
404 3090 495 3140 inieras
509 3092 651 3152 peccatores
661 3091 705 3150 qul
724 3091 830 3152 gratiam
842 3091 986 3140 amiserunt
996 3093 1068 3140 extra
1083 3089 1202 3142 Ecclesium

163 3174 228 3221 esse,
241 3165 340 3224 utpote,
353 3162 396 3221 qul
409 3160 555 3209 charitatem
569 3172 619 3207 uon
637 3159 739 3207 habent.

191 3230 303 3279 Notanda
318 3232 388 3278 enim
399 3233 436 3278 est
454 3227 544 3291 duplex
555 3226 672 3276 Ecclesiae
686 3227 780 3288 torma,
791 3239 836 3277 seu
849 3229 935 3276 anima
947 3263 955 3288 ,
969 3230 1079 3279 exterior
1090 3222 1203 3279 seilloeltt

162 3301 274 3348 interior.

192 3370 321 3431 Exterior,
333 3373 370 3420 est
381 3368 500 3432 professio
513 3367 570 3417 lldel
582 3367 726 3418 christiane
737 3366 785 3416 sub
797 3368 879 3431 capite
890 3367 994 3428 visibill,
1006 3368 1101 3420 Christi
1111 3365 1202 3421 metuo·

162 3452 262 3491 summo
274 3440 402 3490 Pontillce.

193 3508 293 3569 llocque
308 3522 382 3557 sensu
394 3509 455 3558 tides
465 3512 502 3558 est
512 3511 597 3558 aalma
613 3508 745 3567 Ecclesia,
758 3510 786 3556 ut
798 3509 909 3568 corporis
921 3507 1005 3558 civilis
1016 3513 1043 3559 et
1056 3508 1156 3572 politici.

194 3579 299 3628 interior
311 3582 335 3626 et
350 3578 499 3638 perfectior,
516 3583 552 3626 est
565 3577 689 3637 charitas,
701 3578 748 3637 qni
765 3575 845 3624 tidelis
858 3578 921 3624 vivit
932 3579 985 3627 vitai
996 3578 1099 3628 Christi.

130 3637 134 3661 ²
193 3645 256 3694 Hinc
269 3644 348 3692 tidelis
361 3649 475 3704 peccator
489 3657 540 3692 nou
557 3644 621 3692 malt
640 3647 799 3705 comparatur
817 3643 949 3705 embryonl
971 3648 1016 3707 qui
1034 3648 1087 3696 vita
1102 3637 1204 3695 seusltlrl

164 3715 241 3771 vivit,
256 3713 341 3824 aalmal
353 3711 438 3758 minus
448 3710 555 3771 perfecte
566 3730 573 3759 ε
585 3712 665 3761 tidelis
676 3719 761 3760 eutem
772 3713 869 3773 justus,
882 3712 982 3762 homini
993 3715 1105 3777 perlecto
1114 3715 1155 3775 qul
1164 3705 1204 3760 ritl

164 3782 226 3828 vivit
237 3781 333 3828 rationa
344 3780 362 3826 i.

194 3844 284 3894 Fidelis
293 3848 375 3904 justus
383 3848 420 3892 cst
428 3845 568 3893 membrum
578 3846 668 3895 Christi
680 3851 780 3908 virum,
789 3850 878 3910 spiritu
887 3849 980 3900 Christi
989 3855 1140 3901 animatum.
1148 3846 1204 3898 lille·

166 3912 260 3963 havere
268 3915 383 3974 peccator
391 3914 428 3960 est
438 3913 578 3963 membrum
587 3915 688 3976 quidem
695 3915 802 3978 Christi,
813 3917 857 3967 sed
867 3923 1015 3980 mortuum,
1027 3924 1117 3984 spiritu
1127 3913 1203 3970 capet
