2512 4424
160 238 214 288 {HA
457 231 660 286 EPISTOLAE
679 233 726 284 Ab
744 229 927 287 GAtArAs

189 328 216 378 st
228 330 296 377 euim
307 338 352 389 per
371 327 450 388 legem
469 326 542 376 nobis
559 327 633 377 datur
643 327 757 386 lustitia,
782 328 810 380 Si
826 330 902 381 enim
921 329 1076 396 perlegens
1093 326 1217 395 justitia:

159 397 248 457 lexque
257 395 410 456 justificandi
419 396 635 458 rimbabet;ergo
643 394 759 444 Christus
782 418 848 471 ergo
861 404 946 472 grans
959 405 1086 458 Christus
1096 410 1219 458 monum

160 467 378 521 bustrimortuus
390 470 435 516 est.
782 488 835 536 051,

159 662 256 713 Horam
270 663 479 724 auarit1n1ege,
493 664 607 713 eamdem
617 664 722 724 gratiam
737 661 818 722 magis
834 671 952 723 spernere
963 661 988 707 et
999 655 1148 707 sceleratius
1161 656 1219 719 abli-

160 746 217 784 cere
227 733 326 781 videtur
339 731 381 781 iile
397 735 457 794 qui,
472 738 528 794 post
539 733 710 794 baptismum,
723 744 768 782 seu
780 735 835 794 post
848 730 1023 793 penitentiam
1035 763 1043 787 ,
1053 731 1159 790 peceato
1169 738 1219 776 sor·

159 801 276 930 affl
289 867 320 916 de
333 867 507 930 peccatoribus
522 865 626 928 relapsis
641 866 732 917 merito
743 866 794 917 diei
807 870 902 929 potest,
918 866 938 915 0
954 862 1087 915 insensati!
1102 871 1147 914 ete.

191 983 312 1047 spumea
323 982 521 1045 disputationum
537 979 591 1031 dive·
602 980 750 1043 Hieronymi
761 985 784 1030 et
796 981 850 1030 ostri
862 980 998 1042 Augustini
1007 979 1035 1029 iu
1047 978 1094 1029 boe
1107 984 1191 1043 eaput.

190 1094 355 1145 Praecedentls
370 1097 459 1157 capitis
475 1093 607 1156 explicatio
624 1090 789 1155 multiplicem
805 1095 937 1144 suscitarit
951 1094 1017 1141 inter
1031 1092 1122 1143 divum
1138 1093 1218 1142 Hiero-

159 1175 268 1226 nymum
280 1167 304 1211 et
315 1163 402 1211 dirum
421 1163 590 1223 Augustinum
606 1160 675 1210 litem
687 1198 693 1222 ,
710 1165 735 1211 et
748 1173 831 1211 aerem
842 1163 1058 1224 disputationem,
1070 1165 1100 1210 ut
1111 1166 1179 1224 patet
1192 1170 1218 1209 ex

160 1243 248 1282 eorum
265 1230 384 1297 epistolis.
401 1231 429 1280 b.
452 1232 554 1280 Hieron.
575 1232 647 1291 epist.
665 1233 695 1279 86
711 1234 736 1279 et
752 1243 804 1292 seq.
825 1229 952 1291 usquead
969 1231 1009 1279 97.
1028 1232 1055 1278 at
1068 1228 1097 1278 l).
1118 1229 1216 1293 August.

161 1302 223 1363 epis.
236 1304 260 1350 8.
274 1298 396 1360 usquead
410 1303 447 1349 te.
461 1301 524 1347 tom.
538 1301 561 1346 2.
576 1310 681 1359 operum
692 1298 745 1347 dlvi
757 1300 898 1359 Augustini.

189 1368 293 1426 Primo,
310 1368 471 1429 disputirant
491 1366 522 1415 de
544 1366 664 1428 legalibus
685 1369 762 1430 ipsis,
783 1370 908 1417 nimirum
921 1366 1023 1429 quando
1036 1370 1171 1418 ementerii
1182 1366 1218 1417 lex

159 1440 252 1496 retus,
268 1440 293 1484 et
306 1436 394 1496 legalia
408 1438 539 1498 praecepte.

190 1505 268 1554 Diras
286 1505 454 1566 Hieronymus
476 1505 527 1554 duo
549 1503 719 1566 distinguebat
740 1507 871 1567 tempora;
895 1517 976 1554 unum
999 1507 1059 1553 ante
1081 1505 1217 1566 passionem

159 1573 269 1632 christi,
281 1577 305 1621 et
316 1576 379 1621 tunc
388 1574 445 1622 riva
456 1576 528 1622 erant
538 1571 640 1634 legaHa,
653 1573 783 1635 inquiebat
793 1594 799 1634 ;
809 1573 879 1623 aliud
887 1577 944 1636 post
952 1575 1114 1636 passionem,
1126 1576 1152 1622 et
1162 1576 1217 1622 tuae

160 1646 260 1691 mortua
271 1645 343 1690 erant
356 1645 381 1689 et
392 1641 530 1690 mortifera.

190 1709 267 1761 Divus
287 1711 442 1772 Augustinus
464 1713 511 1761 tria
537 1710 706 1773 distinguebat
725 1712 856 1771 tempora,
878 1709 1055 1760 antechristi
1080 1711 1217 1773 passionem

159 1791 258 1841 uuum,
274 1783 299 1829 et
309 1782 372 1828 tuuc
388 1782 461 1829 erant
470 1781 529 1829 vira
542 1778 630 1840 legalia
641 1800 649 1840 ;
661 1778 730 1828 aliud
741 1783 797 1840 post
808 1780 968 1841 passionem,
983 1777 1026 1829 sed
1038 1781 1098 1829 ante
1110 1777 1216 1841 promul·

158 1853 242 1910 getam
257 1851 379 1911 gratiam,
396 1853 421 1898 et
442 1852 505 1899 tuno
522 1853 594 1898 erant
607 1849 710 1911 quidem
725 1851 840 1910 mortua3
859 1851 963 1904 tertium
975 1852 1032 1913 post
1042 1850 1152 1911 gratiam
1165 1859 1217 1911 pro-

158 1917 313 1979 mulgatam,
333 1921 357 1967 et
372 1922 434 1969 tuno
448 1918 551 1969 fuerunt
567 1922 592 1967 et
609 1917 746 1968 mortifera.

189 1988 218 2039 ln
237 1989 286 2038 boc
300 1989 383 2037 verior
398 1988 498 2037 videtur
509 1987 560 2037 diri
576 1986 711 2049 Augustini
729 1988 871 2036 sententiar
886 1985 926 2036 len
940 1988 1008 2035 enlm
1026 1990 1102 2037 retus
1115 1985 1215 2051 ongare

159 2061 265 2108 cessarit
281 2060 307 2106 in
325 2059 484 2117 Pentecoste,
505 2058 547 2107 ubi
565 2057 723 2120 promulgata
737 2057 786 2106 iuit
796 2057 836 2106 lex
854 2071 933 2117 nova;
947 2071 999 2107 non
1014 2061 1102 2109 iernen
1115 2060 1149 2108 ita
1168 2069 1216 2108 ees·

158 2129 237 2186 savit,
249 2129 311 2187 quin
324 2127 356 2174 ad
370 2131 471 2188 tempus
482 2128 577 2175 servari
588 2130 689 2188 posset,
703 2125 783 2175 donea
794 2126 874 2176 iudai
886 2126 1009 2190 paulatim
1026 2131 1052 2177 et
1068 2129 1178 2179 suaviter
1187 2125 1214 2175 ab

159 2205 188 2244 ea
199 2195 401 2245 abducerentur..

188 2263 260 2314 Ratio
274 2267 359 2312 autem
376 2276 423 2311 cur
433 2263 512 2323 iudai
528 2277 579 2313 non
599 2263 719 2315 fuerinti
733 2264 852 2325 legalium
863 2264 1022 2314 observantia
1033 2268 1121 2316 statim
1134 2265 1213 2331 probi·

158 2331 223 2391 biti,
239 2331 287 2379 luit
300 2344 332 2379 ne
343 2331 489 2380 viderentur
501 2331 588 2394 legalia
602 2332 669 2381 mala
689 2333 783 2392 tuisse,
800 2336 867 2382 sicut
885 2333 1043 2394 idololatria,
1064 2340 1090 2384 et
1106 2348 1138 2385 ne
1152 2334 1213 2384 ride·

158 2403 246 2448 rentur
262 2399 341 2449 iudai
362 2402 416 2463 pari
436 2412 521 2461 gressu
540 2414 599 2450 cam
616 2401 754 2450 idololatris
772 2401 922 2450 ambulasse.
932 2401 1011 2452 linter
1022 2405 1148 2466 synagoga
1160 2414 1212 2453 eum

159 2467 254 2518 bonore
266 2468 314 2518 luit
326 2469 357 2518 ad
369 2468 497 2519 tumulum
509 2470 671 2533 deducenda,
684 2473 720 2520 ait
732 2469 895 2530 Augustinus.

189 2536 318 2599 Secundo,
333 2539 493 2600 disputarunt
507 2538 537 2591 de
548 2538 667 2601 legalium
680 2540 852 2591 observatione
866 2540 898 2589 ab
907 2538 1027 2604 apostolis
1041 2560 1048 2589 ε
1060 2554 1125 2591 num
1134 2538 1212 2593 illtle·

158 2605 222 2668 galia
238 2607 296 2655 rere
313 2609 476 2656 servaverint.

188 2676 265 2725 Hlvus
279 2677 459 2740 Hieronymus,
473 2679 532 2739 quia
549 2679 648 2739 putarit
659 2677 746 2738 legalia
762 2681 818 2739 post
836 2680 978 2740 passionem
997 2679 1129 2729 mortifera
1139 2717 1147 2741 ‚
1159 2679 1212 2729 bine

158 2745 263 2794 eredidit
276 2745 404 2808 Apostolos
416 2760 444 2795 ea
458 2760 510 2795 non
527 2748 651 2806 servasse,
671 2747 714 2796 sed
730 2746 878 2807 simulisse,
895 2761 928 2796 ne
944 2748 1096 2799 scandalum
1111 2750 1212 2801 facerent

156 2812 250 2862 ludaeis
262 2817 404 2874 conversis,
419 2822 444 2864 et
455 2815 534 2877 legem
545 2815 629 2865 adbuc
643 2817 808 2865 servantibus.

187 2882 264 2932 Divus
281 2885 455 2945 Augustinus,
469 2884 483 2933 e
497 2889 600 2944 contra,
617 2888 675 2946 qaia
688 2885 775 2945 legalia
788 2890 848 2934 tuac
863 2885 963 2934 inutilia
976 2885 1082 2947 quidem
1097 2888 1210 2945 eredidit,

156 2951 201 3001 sed
214 2951 331 3009 nundum
344 2952 488 3010 mortifera,
510 2952 607 3002 dicebat
624 2953 691 3014 quoa
705 2954 815 3016 Apostoli
826 2953 884 3003 vere
900 2957 1057 3004 servaverint
1069 2955 1127 3019 illa,
1138 2956 1180 3009 sei
1189 2958 1211 3005 iu

157 3021 193 3067 eis
207 3020 304 3068 nullam
316 3033 385 3082 spem
399 3022 572 3081 reposuerint,
587 3025 672 3082 utpote
682 3033 738 3082 quae
749 3022 860 3071 sciebant
872 3022 904 3071 ad
920 3024 1029 3073 salutem
1040 3025 1185 3078 inefficacia.

187 3088 287 3148 Tertio,
301 3089 462 3150 disputarunt
478 3089 508 3138 de
525 3089 590 3138 iacto
609 3091 691 3150 Petri,
703 3103 736 3139 an
748 3093 909 3152 peccaverit?

187 3156 217 3205 b.
233 3158 400 3218 Hieronymus
412 3158 474 3208 dicit
492 3159 594 3208 Petrum
614 3161 640 3207 in
661 3172 707 3208 sua
725 3161 886 3209 simulatione
906 3175 957 3210 non
972 3164 1089 3224 peccasse
1099 3184 1107 3226 ;
1118 3168 1175 3228 quia
1187 3175 1211 3215 ex

158 3222 279 3275 charitate
290 3226 444 3288 simulabat,
465 3240 517 3276 nun
534 3240 564 3276 ex
577 3227 662 3288 aliquo
674 3231 763 3276 timore
775 3229 914 3278 mundano.

186 3293 216 3343 b.
229 3295 382 3357 Augustinus
392 3300 479 3346 asserit
490 3298 558 3359 quod
568 3297 700 3347 venialiter
710 3301 866 3360 peccaverit,
881 3305 982 3362 propter
997 3302 1210 3364 indiscretionemr

156 3363 249 3424 quippe
259 3363 351 3414 ludaris
361 3367 439 3414 nimis
448 3365 598 3415 adhaerendo
610 3366 757 3415 scandalum
768 3366 836 3415 dedit
846 3368 967 3417 Gentibus
977 3406 984 3428 ,
998 3375 1026 3420 ut
1039 3384 1128 3423 secum
1137 3373 1212 3434 ludai-

156 3436 240 3480 aarent
249 3452 256 3492 ;
270 3437 295 3481 et
310 3433 439 3483 crederent
455 3435 612 3494 judaismum
626 3435 658 3483 ad
675 3435 782 3484 salutem
799 3439 978 3486 necessarium.

186 3499 278 3561 Quarto
288 3538 295 3561 ,
307 3501 468 3565 disputarant
485 3503 515 3552 de
533 3502 604 3551 Pauli
616 3503 823 3565 reprehensione,
841 3517 874 3552 an
887 3517 946 3553 vera
959 3504 1054 3557 fueriti
1065 3520 1099 3558 an
1113 3507 1212 3560 simula-

155 3570 243 3618 toriae

185 3636 214 3688 b.
226 3633 392 3703 Hieronymus
404 3639 459 3690 vult
474 3639 659 3689 simulatoriam
677 3640 770 3701 tuisse,
785 3643 852 3691 slcut
862 3642 928 3691 Petri
942 3643 1103 3696 simulatoria
1116 3647 1165 3697 iuit
1174 3642 1227 3696 ob?

155 3711 280 3758 mirantia
302 3710 428 3770 legalium.

91 3776 96 3786 '
154 3777 215 3894 lel).
227 3780 380 3840 Augustinus
392 3779 454 3828 dicit
469 3778 576 3828 Paulum
588 3779 647 3829 verb
664 3779 865 3843 reprehendisse,
882 3785 907 3831 et
917 3780 1021 3832 Petrum
1036 3784 1097 3835 rere
1108 3797 1213 3836 sarnus

178 3846 253 3908 galla.

186 3914 361 3969 &aaronitae
375 3913 489 3967 creditur
498 3914 528 3968 a
539 3915 708 3980 Augustiana
722 3917 825 3983 propiis
838 3918 872 3969 ad
888 3922 1001 3971 mentem
1010 3921 1040 3971 lt
1052 3921 1125 3976 Pauli
1136 3937 1214 3976 οοοοε·
