2512 4424
150 223 204 306 roa
572 254 788 326 annrnrvo,

149 346 228 408 latas
243 345 372 424 proiecti
383 348 475 425 sunt,
488 346 620 426 illosque
631 349 671 410 ad
684 347 877 410 Iudaismum
884 360 957 406 cum
966 342 1135 424 Evangelio
1145 357 1218 406 sus·

150 447 327 527 cipiendum
347 455 606 529 commoverunt,
633 456 666 514 et
686 451 726 513 ad
752 447 1020 512 circumcisionem
1040 449 1226 525 ceteraque-

147 548 277 629 legalia,
291 553 441 631 tanquam
452 551 636 617 adsalutem
648 552 842 631 necessaria,
856 552 1064 632 pellexerint.

188 656 228 717 Ut
249 672 386 718 errorem
411 673 502 718 suum
526 657 781 737 pseudoapostoli
803 654 923 718 taciliirs
949 656 1156 728 inducerent,
1184 655 1217 717 et

154 761 185 823 Ι).
208 758 293 822 Pauli
314 759 488 821 doctrinam
509 760 649 823 funditus
671 762 869 837 everterent,
892 759 975 822 illius
995 755 1218 844 auctoritatem

147 857 336 927 labefactare
349 862 450 943 primo
463 864 605 944 aggressi
617 868 703 927 sunt.

189 968 349 1046 Negabnnt
367 967 462 1046 igitur
480 969 610 1030 Paulum
631 967 744 1031 Christi
760 969 945 1046 Apostolum
966 983 1053 1056 csse,
1069 965 1129 1029 sed
1144 965 1218 1029 sim·

152 1070 261 1151 plicem
270 1072 452 1134 asserebant
461 1073 684 1151 Apostolorum
693 1071 895 1151 discipulum,
910 1068 975 1133 imd
984 1069 1038 1148 qui
1047 1069 1217 1133 doctorum

153 1191 280 1239 suorum
288 1179 500 1238 mentemuon
511 1180 596 1239 esset
606 1180 768 1239 assecutus
786 1174 1068 1254 :quandoquidem
1078 1174 1214 1253 aiebant,

148 1279 290 1361 Apostoli
310 1280 512 1360 Evangelium
530 1297 603 1342 cum
619 1282 690 1361 lege
711 1281 889 1360 evangelica
909 1279 1060 1360 miscent,
1080 1280 1144 1359 ita,
1166 1279 1216 1343 in-

150 1382 313 1461 quiebant,
334 1383 536 1464 ierosolymis
558 1385 710 1465 lacobus,
725 1384 769 1447 ita
790 1389 822 1448 et
843 1386 968 1463 Petrus,
991 1385 1215 1464 Apostolorum

149 1487 312 1566 princeps,
330 1488 385 1565 qui
402 1505 502 1566 nuper
515 1487 702 1566 Antiocbiae,
717 1488 884 1551 Gentilium
897 1505 1144 1567 conversorum,
1159 1487 1214 1552 sed

84 1614 89 1625 «
150 1607 216 1652 non
229 1590 484 1654 circumcisorum
499 1591 759 1656 consuetudinem
774 1593 941 1657 dedebat.

189 1697 318 1775 insuper
336 1701 367 1759 et
385 1697 514 1759 Paulum
535 1697 638 1776 ipsum
658 1699 866 1776 accusabant,
889 1701 1039 1776 tanquam
1058 1698 1120 1760 hac
1131 1696 1163 1761 in
1180 1713 1213 1759 re

91 1833 94 1838 ·
149 1798 1213 1881 varium3simulationiscalumuiamPaulointendebantaitlbtlbry·

150 1907 326 1983 sostomus,
341 1905 482 1970 dicentes
499 1930 507 1970 :
522 1906 578 1969 llic
592 1905 660 1986 ipse
674 1905 728 1986 qui
740 1907 822 1969 tollit
834 1906 1125 1982 circumcisionem,
1144 1906 1212 1970 alibr

149 2007 235 2069 visus
249 2011 299 2070 est
317 2009 355 2071 iis
369 2010 415 2071 uti
435 2027 504 2089 quae
518 2010 645 2072 damnat
662 2033 670 2072 ι
686 2011 776 2073 aliter
787 2010 897 2090 vobis,
913 2011 1003 2073 aliter
1015 2010 1085 2075 aliis
1102 2010 1211 2093 predi-

149 2127 235 2173 cans.

189 2214 312 2276 Talibus
323 2216 511 2278 commentis
524 2208 568 2278 ita
578 2219 718 2298 subrepti
728 2223 802 2283 sunt
817 2220 947 2296 Galatae,
962 2222 999 2282 ut
1011 2219 1210 2283 circumcide-

108 2342 116 2355 ’
148 2323 273 2396 rentur,
288 2318 355 2380 dies
371 2319 590 2399 observarent,
606 2326 638 2383 et
651 2340 795 2402 menses,
815 2326 847 2385 et
861 2327 1025 2404 tempora,
1048 2329 1081 2389 et
1095 2342 1207 2402 anuos,

149 2424 185 2483 ut
198 2421 311 2484 dicitur
322 2439 390 2502 cap·
407 2426 442 2503 4,
457 2427 488 2496 v.
507 2431 554 2486 10.

187 2526 304 2600 Quibus
316 2529 357 2590 ad
367 2529 495 2590 Paulum
508 2530 651 2608 perlatio,

187 2633 235 2693 Ex
259 2650 322 2695 una
341 2636 451 2713 parte,
471 2633 722 2697 animadvertens
740 2635 908 2712 Apostolus
929 2637 1038 2715 quanti
1061 2637 1208 2703 momenti

149 2739 234 2799 esset
243 2736 295 2799 bic
304 2736 668 2800 ludaeochristianorum
683 2730 784 2818 error,
797 2742 864 2800 erat
874 2739 959 2801 enim
969 2738 988 2802 A
998 2741 1127 2806 Christo
1143 2760 1211 2824 apo

149 2840 266 2919 stasia,
286 2845 337 2920 et,
352 2846 388 2903 ut
401 2842 467 2921 ipse
485 2841 574 2903 initio
587 2844 619 2904 et
638 2841 672 2903 in
690 2858 862 2921 progressu
880 2836 1037 2909 sermonis
1055 2847 1207 2925 declarat,

151 2938 306 3023 Evangelii
318 2943 495 3022 subversio,
510 2961 578 3023 cap.
592 2952 626 3023 1,
641 2948 672 3016 v.
688 2950 717 3007 7¹·

187 3050 235 3107 En
248 3047 345 3108 altera
359 3053 461 3124 parte,
485 3048 686 3111 considerans
700 3050 852 3128 quantum
865 3049 938 3114 inde
951 3051 1209 3133 impedimentum

147 3148 231 3211 toret
242 3148 438 3212 conversioni
451 3151 613 3229 Gentium,
628 3153 718 3230 quus
731 3153 790 3232 ipsi
802 3171 878 3217 cura
890 3157 1069 3235 specialiter
1083 3161 1207 3225 deman·

148 3254 221 3314 data
234 3254 353 3333 tuerat,
675 3308 681 3319 .

187 3355 301 3417 Partim
317 3356 364 3419 ira
382 3357 468 3436 justa
485 3363 681 3440 commotus,
703 3361 817 3442 partim
836 3362 993 3429 immenso
1011 3367 1124 3434 dolore
1143 3385 1205 3433 cor·

120 3542 123 3551 .
147 3463 274 3539 reptos,
294 3461 336 3524 ait
355 3465 389 3524 D.
409 3463 669 3544 Chrysostomus,
692 3466 759 3527 zelo
774 3483 833 3528 suo
854 3485 1028 3537 succensus
1046 3474 1155 3537 scribit
1170 3471 1204 3537 ad

118 3584 122 3632 ε
147 3563 268 3625 Galatas
280 3564 405 3643 plenam
417 3566 623 3628 vehementia
637 3566 821 3647 Epistulam,
838 3574 873 3631 ut
889 3570 1004 3651 cuivis,
1018 3575 1071 3638 vel
1089 3593 1130 3639 cx
1141 3575 1202 3655 ipso

147 3667 254 3729 statim
263 3669 406 3731 lectionis
415 3668 561 3746 ingressu
569 3672 767 3751 perspicuum
778 3675 838 3752 est,
850 3674 893 3736 ait
903 3678 938 3737 D.
951 3677 1199 3759 obrysostomus.

186 3775 326 3852 Increpat
344 3770 448 3852 potids
468 3770 563 3851 quam
584 3773 713 3852 doceat,
733 3777 776 3839 ait
797 3782 832 3841 b.
852 3779 1089 3862 Hieronymus:
1107 3783 1198 3849 incre

147 3878 221 3952 pat,
232 3875 341 3939 sedab
354 3892 461 3939 errore
474 3891 537 3956 quo
550 3876 672 3959 decepti
685 3886 791 3962 erant,
806 3885 997 3951 revocando.
