2512 4424
143 251 197 302 llo
308 248 498 304 SECUNDAE
516 245 716 301 EPISTOLAE
736 245 787 299 ab
804 241 1046 299 CORINTHIOS

174 341 206 391 ut
221 343 280 395 nori
297 340 416 403 quodille
428 340 740 404 bomoisivelncorpore,
771 335 776 342 '
799 343 825 394 5.
843 342 877 393 Et
897 338 955 392 ecio
973 332 1136 404 huiusmodi
1148 325 1208 390 luo·

143 411 197 460 sire
208 415 278 460 extra
291 422 382 472 corpus
395 411 494 470 nescio,
509 408 575 459 Deus
588 406 658 470 solt)
763 417 867 469 minem
877 414 956 485 (sive
965 415 996 467 in
1007 424 1138 480 corpore,
1147 410 1208 466 sim

763 501 840 584 extra
863 507 967 561 corpus
990 491 1106 557 nescio,
1130 492 1207 545 licus

173 650 268 712 Raptus
288 653 326 700 cst
341 652 368 698 ln
385 647 544 712 paradisum,
556 650 581 697 et
596 646 631 698 ibl
642 646 740 699 audlrlt
763 569 980 708 sclt.).’(2uonlam
1002 647 1100 711 raptus
1115 646 1160 697 est
1176 640 1207 697 lu

143 719 279 769 ineffabilia
295 719 384 779 verba,
396 731 452 780 quae
466 715 580 767 mortalis
591 716 667 766 homo
687 728 739 766 non
761 724 922 791 paradisum
933 739 940 776 :
950 727 978 776 et
986 719 1094 774 audivit
1103 733 1207 774 arcuna

142 789 224 872 ΜΨ
238 787 330 848 emm·
762 803 858 890 rerba,
872 813 936 870 quae
946 814 1003 853 nou
1020 799 1087 853 licet
1097 796 1207 853 bomini

172 957 220 1009 Pro
239 958 285 1010 uli
303 958 422 1020 hominm·
439 959 469 1009 iu
483 957 576 1010 omium
594 960 630 1009 sic
650 961 739 1021 rapto,
761 879 895 1008 ¹0{lulum
915 951 1078 1020 hujusmodi
1101 953 1207 1021 gloria·

141 1025 264 1089 gloriabor
273 1048 280 1089 ;
290 1041 335 1090 pro
346 1033 482 1077 meantem
493 1040 545 1076 non
554 1026 678 1087 gloriabor
689 1029 738 1076 nisi
761 1032 825 1097 bor,
840 1046 893 1100 pro
904 1045 949 1085 me
960 1036 1055 1084 aurem
1064 1029 1136 1085 nihil
1146 1030 1207 1099 glo.

142 1097 169 1146 1ιι
182 1099 246 1147 meis
259 1096 462 1157 intirmiiaiibus,
474 1106 530 1157 quae
540 1106 582 1144 me
595 1095 672 1144 vllem
682 1096 740 1144 retl-
761 1110 872 1176 piabor,
886 1109 942 1164 nisi
955 1109 985 1162 in
996 1108 1206 1163 infimipafibu,

140 1164 205 1234 siunt
220 1169 245 1216 et
257 1166 393 1226 abjectum.
762 1187 842 1240 meis.

172 1341 196 1388 e.
208 1339 241 1386 m
255 1336 306 1386 scio
321 1335 465 1397 huiusmodi
477 1333 630 1384 bominem...
642 1332 704 1384 Vide
712 1336 767 1395 iam
783 1335 850 1386 dicta
861 1349 888 1385 ιι.
901 1338 925 1385 2.
1190 1402 1193 1407 Ι

172 1421 195 1468 1.
211 1419 337 1478 Quociom
352 1423 443 1478 raptus
454 1421 488 1464 ert
496 1415 523 1463 in
536 1415 719 1476 paradisum...
731 1415 801 1466 llultl
814 1418 928 1478 antiqui,
942 1414 1100 1478 Ambrosius,
1113 1414 1141 1467 S.
1154 1415 1206 1467 An·

141 1488 248 1547 seimus,
259 1484 460 1549 Theophylactus
467 1521 473 1543 ‚
481 1483 571 1553 volunt
578 1483 646 1545 quoi
654 1485 697 1534 hic
707 1487 741 1535 sit
750 1485 814 1535 alius
825 1491 912 1550 raptus
919 1521 927 1544 ,
934 1486 949 1534 i
957 1486 1040 1548 primo
1050 1485 1205 1537 distinctus:

140 1558 189 1607 luit
200 1558 282 1616 enim,
294 1556 429 1616 inquiunt,
436 1552 518 1616 primo
529 1554 641 1616 raptast
653 1557 720 1603 terra
731 1556 759 1604 1ιι
770 1556 875 1604 tertium
885 1553 977 1606 coelum
983 1573 993 1615 3
1002 1553 1205 1605 deindeltertio

59 1684 64 1693 ,
141 1625 204 1675 coeio
215 1626 242 1675 in
250 1623 404 1686 paradisum.
454 1662 462 1673 .

171 1694 219 1744 Sed
234 1691 315 1743 multo
326 1690 479 1755 probabilius
488 1693 527 1740 est
536 1689 603 1751 cuod
615 1692 647 1740 sii
665 1691 732 1741 idem
743 1696 846 1754 raptus,
860 1691 905 1751 qul
916 1691 963 1740 sub
974 1691 1085 1754 paradisi
1099 1693 1205 1741 nominc

140 1764 183 1814 bic
193 1763 358 1826 exprimitur,
370 1766 398 1810 ut
409 1763 463 1820 ejus
474 1760 627 1820 significetur
639 1762 771 1810 umoenitas
784 1781 790 1809 :
802 1774 846 1810 scu
858 1764 887 1809 ut
895 1759 1028 1812 denotetur
1039 1759 1109 1822 quoe
1119 1762 1151 1810 iu
1161 1760 1206 1811 illo

139 1839 230 1898 raptu,
245 1847 296 1883 non
312 1832 413 1882 tantum
432 1829 575 1880 intellectus
589 1830 639 1881 iult
656 1831 724 1880 claris
742 1830 890 1880 sublimium
905 1832 1087 1890 mysteriorum
1097 1833 1205 1883 ueritate

140 1903 292 1962 illustratus,
304 1901 348 1952 sed
359 1908 383 1950 ci
394 1912 437 1948 cor
450 1898 498 1948 mit
511 1900 577 1948 mira
587 1898 722 1961 voluptatis
734 1898 867 1948 dulcedine
879 1898 1020 1960 pertusum.

170 1973 282 2022 Tertium
299 1983 356 2032 orgo
372 1969 464 2019 coeium
481 1969 584 2017 denotat
604 1967 764 2017 ultriudincm
782 1971 807 2017 et
825 1967 1005 2031 perlectionem
1022 1969 1178 2030 cognitionis
1195 1986 1204 2019 r

139 2041 269 2103 paradisus
282 2037 342 2087 vcro
356 2038 467 2086 divinam
479 2035 562 2086 cordis
578 2034 742 2097 voluptutem.

170 2118 202 2164 Et
217 2114 331 2170 eudicti,
346 2111 434 2160 auditu
454 2109 594 2172 spirituali,
613 2109 639 2157 iri
656 2113 713 2169 est,
730 2109 852 2160 intellexit
870 2128 877 2160 ι
897 2111 993 2160 etenim
1010 2108 1150 2161 intellectio
1168 2115 1206 2162 est

140 2187 231 2233 anime
246 2185 315 2231 visus
326 2185 351 2230 et
368 2181 478 2229 auditus.

170 2252 236 2301 liixit
247 2254 332 2300 eutem
346 2251 457 2307 audire,
469 2248 553 2312 potiris
569 2249 646 2310 quam
662 2249 741 2310 vidit,
754 2253 814 2311 quic
832 2251 863 2300 de
880 2252 981 2301 arcanis
997 2250 1046 2300 luit
1061 2253 1205 2304 instructus

139 2321 171 2370 ab
181 2320 249 2381 alio;
263 2321 397 2369 instructio
413 2323 498 2367 autem
517 2318 546 2366 tlt
562 2331 606 2381 per
623 2318 755 2379 auditum,
772 2321 808 2369 alt
822 2320 851 2370 li.
863 2319 981 2369 Thomas.

170 2397 271 2444 Arcena
288 2394 374 2443 uerbo.
386 2392 430 2443 Gr.
448 2393 585 2442 ineilabilia
601 2393 676 2442 verbu
687 2430 694 2453 ‚
705 2394 731 2442 iri
747 2398 784 2443 est
794 2431 801 2454 ‚
813 2407 853 2443 res
864 2393 1061 2456 inexplicabiles.

173 2471 233 2528 Quo
247 2483 297 2518 nou
308 2469 392 2518 licet...
402 2481 458 2529 quae
471 2480 523 2517 non
541 2472 646 2530 possunt
657 2469 688 2517 ub
701 2468 805 2518 homine
816 2469 954 2531 explicari:
969 2471 1030 2531 quia
1045 2471 1084 2520 rel
1100 2474 1205 2535 magni-

138 2540 200 2589 tudo
218 2542 319 2601 superat
334 2550 436 2587 omnem
448 2537 540 2598 eloquii
554 2537 708 2587 facultatem.

170 2608 208 2657 lln
220 2609 293 2657 divus
304 2607 397 2657 Paulus
411 2608 522 2656 divinam
532 2607 623 2657 uiderit
635 2610 788 2657 essentiam?

168 2677 282 2726 Affirmat
295 2676 369 2726 dirus
384 2676 539 2742 Augustinus
557 2675 600 2724 lib.
619 2679 664 2737 12,
682 2690 737 2739 cap.
759 2679 788 2725 28
804 2675 836 2724 (le
846 2675 936 2725 Genes.
949 2680 974 2724 et
991 2676 1101 2727 retertur
1112 2678 1130 2728 b
1140 2679 1204 2729 Fro-

138 2746 241 2795 mondo.
253 2746 384 2794 Aillrmant
400 2749 425 2794 et
436 2745 464 2794 li.
476 2744 680 2805 chrysostomus,
691 2744 719 2792 li.
734 2744 844 2792 Thomas
854 2781 861 2803 ‚
872 2744 901 2793 li.
916 2743 1060 2794 llnselmus.

168 2815 264 2876 Negant
275 2820 361 2863 iumen
374 2813 486 2877 plerIque
497 2815 658 2862 recentiores.
668 2813 730 2861 Vide
740 2812 847 2862 Estium.

169 2900 193 2947 5.
204 2900 257 2947 Pro
273 2897 434 2959 hujusmodi,
446 2895 542 2944 scilicet
553 2895 670 2954 homine,
683 2894 771 2953 idest,
783 2907 828 2956 pro
842 2893 886 2943 iuli
899 2893 1004 2944 bomine
1013 2932 1022 2956 ,
1030 2896 1068 2945 sic
1081 2895 1096 2945 i
1110 2895 1165 2947 lieo
1175 2899 1204 2947 iu

138 2964 231 3015 culum
242 2968 327 3026 rapto,
339 2963 472 3026 pioricbor
484 2983 492 3010 .·
505 2961 591 3022 idest,
606 2975 704 3024 possem
717 2961 827 3023 gloriari.

168 3041 222 3088 Pro
233 3052 271 3086 me
285 3044 368 3085 eurem
382 3049 431 3084 non
442 3035 587 3097 gloriabor,
599 3038 649 3084 nisi
664 3040 692 3086 in
704 3037 896 3098 infirmitatibus
909 3038 935 3085 et
945 3037 1107 3100 passionibus
1121 3042 1203 3101 mele,

136 3117 192 3166 quse
203 3119 244 3154 mc
255 3104 330 3154 rilem
342 3102 467 3161 reddunt,
479 3107 504 3151 et
512 3102 658 3152 bominibus
671 3104 894 3166 contemptibilem.

167 3174 249 3235 Pergii
260 3173 290 3221 dc
301 3172 344 3221 illo
357 3172 460 3220 homine
473 3171 555 3232 loqui,
570 3175 641 3233 quasi
658 3173 689 3221 de
704 3173 754 3221 alio
765 3174 779 3221 i
789 3186 825 3223 se.

167 3244 262 3294 Revera
271 3243 347 3291 homo
356 3242 400 3290 bei
414 3241 486 3290 donis
496 3242 653 3302 cumulatus,
666 3247 703 3292 est
715 3242 781 3292 allus
791 3243 824 3292 ab
832 3242 937 3293 bomine
950 3244 977 3293 ln
987 3256 1015 3294 se
1026 3245 1201 3309 considerarim

137 3319 161 3363 cl
176 3318 204 3362 ut
222 3310 411 3359 intirmiiaiibus
431 3309 597 3377 circumdato.

167 3380 224 3429 linc
238 3390 295 3439 ergo
314 3377 364 3426 duo
378 3379 405 3427 in
421 3391 448 3426 se
461 3377 617 3438 distinguens
631 3379 781 3444 Apostolus,
793 3382 830 3428 ait
843 3399 850 3428 ι
865 3378 966 3428 Possem
977 3379 1008 3429 de
1019 3379 1063 3429 tali
1076 3380 1199 3446 homine,

136 3451 180 3499 lici
196 3449 282 3509 gratiis
300 3446 445 3506 cumulato,
457 3445 575 3507 gloriari,
588 3449 615 3497 in
630 3448 736 3496 Domino
754 3449 850 3497 scilicet
865 3467 872 3496 ε
889 3461 934 3497 seu
946 3447 1085 3508 Dominum
1104 3451 1138 3501 ob
1152 3464 1200 3502 sue

136 3519 201 3567 riona
214 3514 339 3564 laudando
352 3551 358 3572 ‚
370 3526 522 3575 omnemque
532 3517 556 3563 el
567 3517 672 3576 gloriam
683 3516 811 3565 referendo
823 3535 830 3576 3

168 3588 199 3634 at
210 3584 276 3633 maio
288 3584 320 3631 ad
334 3596 403 3631 meas
416 3583 544 3632 uiteudere
556 3584 728 3644 infirmitates,
740 3589 765 3632 et
780 3585 810 3633 de
821 3587 858 3633 eis
872 3583 990 3645 gloriari,
1002 3587 1029 3634 in
1047 3598 1098 3648 quo
1110 3586 1197 3636 minus

135 3660 174 3705 est
190 3653 314 3717 pericuii;
326 3654 402 3712 quia,
413 3657 441 3699 ut
452 3655 488 3700 aii
500 3653 660 3712 Ambrosius,
674 3653 699 3702 id
711 3666 762 3701 uon
772 3654 871 3702 videtur
882 3653 1019 3714 gloriosum
1030 3692 1037 3714 ,
1049 3655 1093 3704 scd
1104 3656 1192 3706 liebile.

166 3724 267 3773 llomini
279 3722 416 3771 christiano
428 3721 492 3768 nibil
511 3725 564 3770 tam
579 3722 765 3783 periculosum,
778 3723 855 3783 quim
866 3721 947 3772 cortils
959 3722 1044 3772 elatio.
1061 3723 1090 3772 iri
1101 3725 1192 3786 patebit

136 3806 166 3842 er
181 3807 208 3842 n.
225 3795 249 3840 7.
266 3791 331 3839 ilinc
347 3789 444 3838 homini
464 3789 602 3837 christiano
619 3793 720 3852 praesiat
736 3790 769 3838 ari
789 3804 847 3839 suas
866 3789 1026 3840 infirmitates
1047 3793 1206 3851 attendere..

89 3906 92 3911 .
136 3864 212 3924 quim
230 3860 262 3909 ad
280 3872 338 3908 suas
350 3858 511 3907 excellentias
520 3878 527 3916 ;
536 3857 679 3918 humiliari,
691 3858 790 3918 dolere,
802 3861 862 3908 llere
873 3863 973 3922 praestat
987 3861 1029 3909 hic
1038 3898 1045 3921 ,
1054 3862 1130 3922 quim
1140 3858 1188 3922 gio-
1215 3910 1221 3927 ‚

137 3929 343 3992 riuri,gaurlere,
355 3927 445 3977 ridere.
464 3928 533 3976 lieuii
549 3928 593 3990 qui
610 3927 706 3990 luponi,
721 3934 764 3978 etc.
779 3948 789 3978 .·
811 3928 849 3978 i'oe
860 3928 932 3979 coiis
944 3929 994 3991 pret·
1004 3929 1099 3978 riorum
