2512 4424
119 215 158 267 20
279 215 465 272 SECUNDAE
484 217 687 274 EPISTOLAE
706 220 755 271 ΑΙ)
773 215 1012 272 CORINTHIOS

116 309 275 369 oppressione
295 313 319 358 et
334 313 459 361 anxietate
478 311 577 373 cordis,
593 324 644 362 non
658 312 714 362 abs·
737 313 812 365 tione
850 317 878 365 et
915 310 1043 378 angustia
1084 308 1171 364 cordia

114 384 163 432 quo
177 374 264 425 multia
285 376 419 439 lucryniis;
438 391 489 428 non
509 383 591 429 utvoe
609 381 713 429 contris·
735 389 834 456 scripsi
851 389 932 443 vobis
951 403 1001 456 per
1020 389 1123 442 multas
1133 388 1171 441 12.

112 443 194 500 uror,
207 442 251 492 aed
261 447 289 492 ut
300 455 329 492 ex
344 443 393 494 hac
406 459 463 496 mea
475 447 632 496 rossanandl
645 445 712 495 solli·
733 481 842 534 &ymas
864 484 871 521 :
893 481 949 520 non
972 473 1003 520 ut
1026 466 1171 520 comp-1320.

113 510 241 571 cttudlne,
256 518 436 573 cognosceretis
453 515 603 577 singularem
624 529 710 566 meum
733 544 816 608 mini,
838 542 887 596 sed
915 548 946 596 ut
969 543 1064 597 sciatis
1090 554 1171 610 quam

112 589 170 638 ‘¹¹8⁰
182 591 226 629 *⁰⁸
237 579 367 631 mimum·
732 620 893 673 charitatem
900 606 1018 673 habeam
1031 619 1171 673 abundau-

732 697 787 751 titis
800 699 828 750 ln
845 699 934 751 vobis.

141 759 212 821 Quid
226 762 247 813 si
258 764 315 823 uuis
325 764 437 812 moeroris
446 775 549 813 causam
560 762 628 812 dedit
638 800 645 823 ,
657 777 708 814 non
766 777 792 826 5,
808 774 836 826 st
849 774 912 840 quis
923 779 1017 828 autem
1028 773 1171 827 pompm.

110 837 153 877 me
171 828 253 879 soldm
273 830 375 879 tristitii
394 831 495 891 utiecit;
513 832 647 881 sedetiam
663 845 709 881 vos
731 852 850 916 fimo„
863 851 1111 914 meconprismip3
1123 841 1171 903 Μ’

111 906 126 941 0
506 917 512 930 .

109 895 596 1024 ugnaegc'uffinfffflffissugo’nfflssss
609 902 639 1015 ἓξ
648 913 708 1030 1:¹3⁰
730 943 762 981 ex
774 935 853 995 porte
864 969 871 993 ‚
882 934 913 981 ut
923 942 981 982 nou
990 941 1107 982 onorem
1116 941 1171 980 om·

109 1033 206 1095 ticlpes.
731 1019 781 1058 nes
794 1018 855 1057 vos.

138 1198 188 1247 Sed
202 1204 232 1248 at
245 1201 360 1273 edatis...
379 1199 435 1262 Syr.
448 1200 491 1250 sed
506 1204 534 1250 ut
554 1205 736 1264 cognosceretis
750 1203 881 1253 charitatis
895 1202 1075 1254 vehementem
1093 1217 1167 1267 qnam

108 1264 189 1315 habeo
198 1278 256 1328 erga
267 1280 327 1326 ros;
337 1266 364 1317 id
378 1271 436 1327 est,
451 1269 495 1318 sed
507 1272 535 1318 ut
550 1268 637 1319 exhac
651 1283 707 1319 mea
717 1270 823 1320 sanandi
837 1284 881 1320 vos
892 1270 1073 1334 sollieitudine,
1084 1285 1166 1322 mcum

108 1337 290 1397 cognosceretis
300 1335 453 1399 singularem
467 1350 524 1400 erga
534 1351 578 1387 ros
591 1338 711 1388 alieotum
721 1359 728 1388 ε
740 1352 795 1399 seu,
807 1343 836 1387 ut
845 1342 881 1389 ait
896 1341 927 1388 li.
938 1339 1084 1403 Anselmus,
1092 1342 1166 1403 quim

106 1417 198 1466 magno
213 1404 354 1456 dilectionis
372 1406 465 1457 attactu
476 1410 586 1457 vescam
596 1407 703 1458 euntem
716 1420 845 1470 quaram,
858 1411 963 1472 cupiens
975 1422 1021 1460 vos
1032 1411 1048 1459 i
1058 1412 1164 1474 peccatis

108 1476 220 1536 eripere,
233 1477 258 1524 et
270 1475 369 1525 Christo
380 1475 493 1526 reddero.
765 1538 769 1543 ⁴
1114 1528 1118 1534 .

136 1544 191 1593 lton
205 1542 352 1594 charitatem
371 1545 473 1595 tuntdm
485 1545 565 1604 dixit,
578 1546 623 1596 sed
639 1547 717 1609 quim
729 1546 931 1597 abundantiis...
945 1552 975 1598 ut
986 1547 1085 1599 indicet
1100 1546 1162 1609 auid

106 1626 149 1661 eos
164 1624 216 1675 pra
236 1615 332 1663 certeris
351 1612 447 1676 diligit,
469 1617 499 1664 ut
513 1615 618 1665 eximios
639 1621 664 1665 et
679 1618 820 1679 precipuos
838 1616 975 1678 discipulos
991 1635 999 1665 ι
1013 1616 1045 1666 u.
1057 1616 1161 1679 curpso

106 1686 212 1733 stomus.

136 1751 255 1813 ltaquosi
274 1752 349 1802 verbu
368 1753 504 1803 iracundior
517 1752 592 1816 plena
607 1757 697 1813 amnt,
712 1754 767 1803 hmo
786 1756 872 1802 tamen
889 1754 970 1802 animi
984 1755 1121 1804 concitatio
1135 1766 1160 1804 ex

104 1821 199 1881 ingenti
215 1820 338 1870 charitato
349 1825 373 1870 ot
384 1821 469 1871 dolore
480 1822 631 1871 nascebatur
642 1840 649 1869 ε
661 1822 729 1870 idem
740 1822 766 1870 S.
777 1821 979 1883 Chrysostomus.

134 1889 182 1951 Qut
198 1893 223 1939 ei
234 1889 264 1938 li.
277 1889 383 1939 Paulum
402 1895 531 1953 comparat
546 1892 612 1953 patri
627 1889 741 1949 medico,
753 1890 895 1939 charissimi
908 1889 955 1939 tilii
972 1893 1013 1940 sui
1034 1891 1108 1942 ulcus
1123 1904 1160 1943 aa·

103 1961 189 2018 canti,
206 1961 251 2009 aut
270 1961 372 2017 urenti,
386 1963 411 2008 et
428 1960 486 2009 ideo
506 1959 641 2022 dupliciter
655 1957 749 2007 dolenti
764 1977 771 2006 ι
786 1962 811 2007 et
828 1957 896 2019 qnod
912 1958 982 2007 iius
997 1961 1031 2008 sit
1049 1972 1128 2022 ager,
1138 1964 1161 2010 ct

103 2028 170 2089 quod
189 2027 272 2077 tilium
291 2041 386 2091 ugrum
405 2041 490 2079 secare
509 2031 612 2089 cogatur
628 2046 636 2076 s
654 2030 790 2089 auumque
811 2030 899 2076 autem
918 2030 1015 2078 amoris
1031 2034 1071 2079 ast
1088 2041 1160 2090 argu·

103 2099 228 2147 mentum.

132 2165 217 2215 Talem
227 2177 253 2215 se
264 2202 272 2224 ,
284 2168 309 2216 et
317 2168 415 2228 patrem
426 2170 451 2216 et
463 2165 607 2225 medicum,
619 2164 764 2215 recordetur
774 2164 894 2228 prelatus
903 2166 1053 2227 corrigens,
1065 2165 1160 2227 doleat,

102 2239 127 2285 et
142 2247 169 2285 so
181 2235 265 2286 dolero
274 2239 397 2295 testatur,
406 2239 433 2285 ei
447 2247 478 2286 ex
493 2247 596 2295 amore,
610 2248 663 2285 non
679 2235 753 2296 odio,
766 2246 820 2284 non
830 2236 978 2284 morositate
990 2235 1075 2286 nilum
1088 2248 1160 2286 suum

102 2307 210 2367 corrigat
223 2308 248 2354 et
263 2307 345 2355 sanet.

132 2401 156 2449 5.
171 2399 202 2449 Si
212 2400 271 2461 puis
283 2405 369 2448 autem
379 2399 566 2449 contristavit...
579 2399 623 2448 uhi
635 2412 689 2448 sese
702 2401 839 2458 exoumrit,
849 2399 929 2448 Deum
940 2401 1027 2462 ipsum
1038 2402 1160 2460 imitatus,

101 2473 129 2519 ut
140 2471 211 2518 notat
223 2468 254 2519 i).
265 2467 468 2531 chrysostomus.
479 2468 546 2519 licus
556 2471 627 2518 enim
643 2469 719 2519 Micio.
729 2474 753 2519 e.
765 2472 801 2518 ait
812 2488 820 2518 ι
831 2470 933 2531 Popula
942 2484 1033 2528 nm,
1045 2471 1109 2533 qaid
1116 2469 1161 2534 tari

95 2539 201 2588 Διιῡί...)

130 2606 230 2657 'transit
250 2606 284 2656 ad
309 2608 466 2670 precipuum
483 2607 592 2657 tristitia
611 2610 759 2664 auctorem,
785 2605 900 2665 scilieet,
917 2605 1101 2666 fornicarium
1119 2606 1161 2657 ul

99 2679 201 2739 propter
212 2675 282 2725 iliius
291 2676 467 2738 penitentiam
476 2712 484 2734 ,
495 2685 638 2724 sermonem
650 2675 686 2722 sic
699 2672 804 2731 emollit,
813 2679 842 2722 ut
850 2687 898 2722 nec
909 2686 970 2722 eum
978 2677 1107 2736 nommat,
1115 2687 1160 2725 noa

98 2747 154 2805 ejus
164 2745 278 2805 crimen,
291 2755 339 2794 nec
357 2743 389 2792 de
400 2745 517 2801 tristitia,
532 2754 610 2804 quam
625 2753 672 2790 suo
689 2743 797 2790 crimine
814 2744 942 2801 causanti,
954 2745 1005 2791 nisi
1014 2743 1065 2792 suia
1074 2742 1162 2793 amd-

98 2815 167 2864 tione
177 2813 303 2877 loquatur.
316 2812 345 2862 Si
356 2812 442 2875 puis...
451 2814 523 2873 quasi
535 2812 651 2862 criminis
663 2808 732 2858 illius
745 2809 837 2858 oblitus
847 2813 880 2858 sit
890 2810 1042 2872 Apostolus,
1049 2824 1081 2861 aa
1090 2811 1123 2861 de
1131 2823 1161 2861 eo

97 2882 204 2932 dubitet.
644 2910 649 2919 ι

129 2958 158 3006 Si
169 2959 227 3019 puis
237 2962 323 3006 autam
341 2955 525 3004 contrutoaii...
541 2952 598 3013 syr.
613 2950 681 3012 qudd
693 2952 716 2999 si
733 2952 791 3011 quis
808 2951 910 3000 trisdtm
924 2951 1030 3012 affeci,
1044 2965 1100 3003 nou
1114 2964 1162 3003 aaa

97 3026 199 3073 ustitia
216 3025 317 3080 atiecit,
333 3021 377 3070 sed
390 3019 572 3083 propemodum
585 3032 629 3066 uos
646 3029 742 3065 omues.

127 3092 215 3150 idest,
224 3095 247 3141 si
260 3093 318 3152 quis
330 3091 504 3146 contristarit,
515 3101 566 3136 non
579 3099 619 3134 me
633 3086 716 3134 solum
727 3123 734 3144 ,
746 3086 789 3134 sed
802 3101 884 3135 mnes
895 3101 940 3135 aas
952 3090 1161 3150 contr-mina

95 3168 182 3223 porto,
195 3162 222 3211 id
233 3166 285 3219 cst,
300 3158 476 3220 anquatenus,
491 3160 518 3205 in
531 3157 616 3216 aliquo
629 3154 719 3204 saltem
728 3155 807 3216 suomi
818 3161 843 3205 et
853 3156 944 3217 modo,
953 3157 1110 3220 paululum
1120 3157 1160 3206 uei

96 3242 158 3279 cum
168 3230 247 3291 Syro,
259 3226 455 3291 propemodum,
466 3225 517 3273 iere
529 3236 575 3273 vos
589 3235 686 3272 omnes.

128 3313 159 3361 lii
167 3325 218 3360 aon
226 3323 337 3365 man,
350 3307 452 3369 supple,
461 3319 506 3354 uos
517 3317 606 3354 omnes
616 3324 623 3352 ι
634 3304 691 3365 syr.
703 3316 735 3353 ne
746 3316 867 3369 ommosus
879 3307 913 3354 sit
929 3307 1002 3356 rolris
1018 3321 1115 3362 sermo.

126 3382 157 3431 lu
170 3382 248 3443 priori
264 3377 393 3440 Epistola,
405 3390 460 3439 cap.
482 3378 506 3423 5.
523 3388 550 3423 n.
567 3376 596 3432 ²,
612 3374 745 3423 viduantur
757 3374 891 3436 Apostolus
908 3388 999 3428 omnes
1013 3378 1159 3431 copinam

96 3448 227 3510 ammae,
241 3448 314 3508 quasi
327 3446 525 3499 consentientes,
542 3448 586 3490 aut
606 3441 813 3491 dissimulantes:
831 3445 865 3491 Et
882 3456 944 3503 uos,
959 3447 1062 3508 inquit,
1074 3449 1159 3512 ἡμιι·

96 3519 167 3573 oet'n,
178 3522 261 3565 anon
275 3511 358 3574 mauis
371 3513 466 3560 latonas
482 3510 615 3557 habuistis

126 3586 178 3635 lior
190 3588 219 3633 ut
234 3583 325 3640 leniat,
335 3581 378 3629 iiic
392 3580 453 3629 dicit
466 3590 555 3627 omncs
574 3589 618 3625 eos
634 3578 828 3642 propemodum,
841 3579 883 3627 rol
897 3593 941 3630 eos
956 3593 1048 3634 omnm
1060 3585 1157 3649 sliqu-

97 3662 186 3711 tenus,
199 3651 283 3711 aliquo
298 3648 388 3699 saitem
405 3648 484 3709 gradu
496 3651 521 3695 at
534 3646 608 3694 modo
624 3647 700 3696 tuisse
715 3647 808 3695 doloris
819 3651 860 3696 sui
878 3653 960 3700 socios
970 3656 998 3701 et
1008 3657 1156 3718 participa

127 3722 193 3771 ideo
206 3724 234 3768 ut
249 3732 300 3766 non
319 3730 364 3766 uos
376 3728 465 3765 omnes
482 3727 616 3773 accusem,
629 3718 699 3776 quasi
715 3717 831 3765 criminis
844 3720 960 3768 conscios
972 3724 998 3769 et
1009 3725 1155 3787 partiam.

126 3792 206 3851 liujus
217 3791 300 3848 itaque
310 3785 398 3835 versili
407 3785 561 3834 oomuuctio
575 3785 627 3833 lioec
642 3791 679 3834 ast
694 3821 700 3832 .

127 3871 224 3935 Siquis
237 3868 405 3926 consciencie,
422 3879 472 3916 non
489 3879 528 3914 ne
543 3865 623 3918 solem
637 3867 803 3927 coctn'stouil,
815 3869 857 3920 ord
872 3872 949 3922 «ticon
962 3885 1009 3923 aaa
1025 3887 1111 3926 anm
1125 3886 1155 3924 aa
