<?xml version="1.0" encoding="UTF-8"?>
<!DOCTYPE html PUBLIC "-//W3C//DTD XHTML 1.0 Transitional//EN"
    "http://www.w3.org/TR/xhtml1/DTD/xhtml1-transitional.dtd">
<html xmlns="http://www.w3.org/1999/xhtml" xml:lang="en" lang="en">
 <head>
  <title>
</title>
<meta http-equiv="Content-Type" content="text/html;charset=utf-8" />
  <meta name='ocr-system' content='tesseract 3.04.00' />
  <meta name='ocr-capabilities' content='ocr_page ocr_carea ocr_par ocr_line ocrx_word'/>
</head>
<body>
  <div class='ocr_page' id='page_1' title='image "./epistolarumbpau01berngoog/epistolarumbpau01berngoog_0330.png"; bbox 0 0 2512 4424; ppageno 0'>
   <div class='ocr_carea' id='block_1_1' title="bbox 352 247 1167 316">
    <p class='ocr_par' dir='ltr' id='par_1_1' title="bbox 352 247 1167 316">
     <span class='ocr_line' id='line_1_1' title="bbox 352 247 1167 316; baseline 0.016 -13"><span class='ocrx_word' id='word_1_1' title='bbox 352 247 522 305; x_wconf 76' lang='lat' dir='ltr'><strong>rairasx</strong></span> <span class='ocrx_word' id='word_1_2' title='bbox 539 251 758 312; x_wconf 72' lang='lat' dir='ltr'><strong>expositio.</strong></span> <span class='ocrx_word' id='word_1_3' title='bbox 779 258 859 313; x_wconf 77' lang='lat' dir='ltr'><strong>CAP.</strong></span> <span class='ocrx_word' id='word_1_4' title='bbox 878 259 926 312; x_wconf 79' lang='grc' dir='ltr'><strong>Π.</strong></span> <span class='ocrx_word' id='word_1_5' title='bbox 1117 263 1167 316; x_wconf 75' lang='lat' dir='ltr'><strong>ssi</strong></span> 
     </span>
    </p>
   </div>
   <div class='ocr_carea' id='block_1_2' title="bbox 104 342 1169 756">
    <p class='ocr_par' dir='ltr' id='par_1_2' title="bbox 104 342 1169 756">
     <span class='ocr_line' id='line_1_2' title="bbox 139 342 1169 415; baseline 0.008 -18"><span class='ocrx_word' id='word_1_6' title='bbox 139 342 548 402; x_wconf 66' lang='lat' dir='ltr'><strong>loveriisiemautemiacien-</strong></span> <span class='ocrx_word' id='word_1_7' title='bbox 600 346 825 402; x_wconf 64' lang='lat' dir='ltr'><strong>&amp;intractatam</strong></span> <span class='ocrx_word' id='word_1_8' title='bbox 837 354 1169 415; x_wconf 72' lang='lat' dir='ltr'><strong>metaumaotexsecuentec</strong></span> 
     </span>
     <span class='ocr_line' id='line_1_3' title="bbox 104 415 1168 489; baseline 0.014 -32"><span class='ocrx_word' id='word_1_9' title='bbox 104 426 150 475; x_wconf 58' lang='grc' dir='ltr'><strong>ω,</strong></span> <span class='ocrx_word' id='word_1_10' title='bbox 161 420 191 475; x_wconf 67' lang='lat' dir='ltr'><strong>pn</strong></span> <span class='ocrx_word' id='word_1_11' title='bbox 202 422 350 489; x_wconf 54' lang='lat' dir='ltr'><strong>chal-pagg,</strong></span> <span class='ocrx_word' id='word_1_12' title='bbox 570 417 597 464; x_wconf 93' lang='lat' dir='ltr'><strong>in</strong></span> <span class='ocrx_word' id='word_1_13' title='bbox 611 415 748 479; x_wconf 83' lang='lat' dir='ltr'><strong>charitate,</strong></span> <span class='ocrx_word' id='word_1_14' title='bbox 764 419 791 469; x_wconf 89' lang='lat' dir='ltr'><strong>id</strong></span> <span class='ocrx_word' id='word_1_15' title='bbox 807 423 860 482; x_wconf 89' lang='lat' dir='ltr'><strong>est,</strong></span> <span class='ocrx_word' id='word_1_16' title='bbox 878 425 1008 471; x_wconf 84' lang='lat' dir='ltr'><strong>civeram</strong></span> <span class='ocrx_word' id='word_1_17' title='bbox 1026 420 1168 472; x_wconf 88' lang='lat' dir='ltr'><strong>doctrinam</strong></span> 
     </span>
     <span class='ocr_line' id='line_1_4' title="bbox 519 487 1167 555; baseline 0.014 -22"><span class='ocrx_word' id='word_1_18' title='bbox 519 505 523 514; x_wconf 88' lang='lat'>·</span> <span class='ocrx_word' id='word_1_19' title='bbox 570 488 712 546; x_wconf 86' lang='lat' dir='ltr'><strong>sectantes,</strong></span> <span class='ocrx_word' id='word_1_20' title='bbox 728 491 753 536; x_wconf 87' lang='lat' dir='ltr'><strong>at</strong></span> <span class='ocrx_word' id='word_1_21' title='bbox 766 487 849 538; x_wconf 82' lang='lat' dir='ltr'><strong>debita</strong></span> <span class='ocrx_word' id='word_1_22' title='bbox 865 488 1016 547; x_wconf 87' lang='lat' dir='ltr'><strong>christiana,</strong></span> <span class='ocrx_word' id='word_1_23' title='bbox 1032 501 1076 539; x_wconf 89' lang='lat' dir='ltr'><strong>seu</strong></span> <span class='ocrx_word' id='word_1_24' title='bbox 1092 502 1167 555; x_wconf 83' lang='lat' dir='ltr'><strong>opera</strong></span> 
     </span>
     <span class='ocr_line' id='line_1_5' title="bbox 570 551 846 616; baseline 0.011 -14"><span class='ocrx_word' id='word_1_25' title='bbox 570 552 700 602; x_wconf 82' lang='lat' dir='ltr'><strong>charitatis</strong></span> <span class='ocrx_word' id='word_1_26' title='bbox 712 551 846 616; x_wconf 67' lang='lat' dir='ltr'><strong>ficientes,</strong></span> 
     </span>
     <span class='ocr_line' id='line_1_6' title="bbox 104 611 1167 684; baseline 0.014 -22"><span class='ocrx_word' id='word_1_27' title='bbox 104 623 265 665; x_wconf 79' lang='lat' dir='ltr'><strong>crescamus</strong></span> <span class='ocrx_word' id='word_1_28' title='bbox 276 611 305 664; x_wconf 88' lang='lat' dir='ltr'><strong>in</strong></span> <span class='ocrx_word' id='word_1_29' title='bbox 316 612 362 666; x_wconf 90' lang='lat' dir='ltr'><strong>iiio</strong></span> <span class='ocrx_word' id='word_1_30' title='bbox 374 613 545 681; x_wconf 87' lang='lat' dir='ltr'><strong>peremnia,</strong></span> <span class='ocrx_word' id='word_1_31' title='bbox 599 620 746 671; x_wconf 74' lang='lat' dir='ltr'><strong>crescamus</strong></span> <span class='ocrx_word' id='word_1_32' title='bbox 762 635 963 684; x_wconf 80' lang='lat' dir='ltr'><strong>quaquaversum</strong></span> <span class='ocrx_word' id='word_1_33' title='bbox 984 626 1012 674; x_wconf 92' lang='lat' dir='ltr'><strong>in</strong></span> <span class='ocrx_word' id='word_1_34' title='bbox 1023 624 1122 677; x_wconf 76' lang='lat' dir='ltr'><strong>(ibnsto</strong></span> <span class='ocrx_word' id='word_1_35' title='bbox 1141 630 1167 676; x_wconf 87' lang='lat' dir='ltr'><strong>et</strong></span> 
     </span>
     <span class='ocr_line' id='line_1_7' title="bbox 104 687 1095 756; baseline 0.006 -18"><span class='ocrx_word' id='word_1_36' title='bbox 104 687 153 754; x_wconf 81' lang='lat' dir='ltr'><strong>qui</strong></span> <span class='ocrx_word' id='word_1_37' title='bbox 170 693 212 740; x_wconf 87' lang='lat' dir='ltr'><strong>est</strong></span> <span class='ocrx_word' id='word_1_38' title='bbox 221 693 305 754; x_wconf 81' lang='lat' dir='ltr'><strong>caput</strong></span> <span class='ocrx_word' id='word_1_39' title='bbox 314 689 449 756; x_wconf 85' lang='lat' dir='ltr'><strong>Christus,</strong></span> <span class='ocrx_word' id='word_1_40' title='bbox 569 701 614 752; x_wconf 87' lang='lat' dir='ltr'><strong>per</strong></span> <span class='ocrx_word' id='word_1_41' title='bbox 623 687 766 748; x_wconf 81' lang='lat' dir='ltr'><strong>Christum,</strong></span> <span class='ocrx_word' id='word_1_42' title='bbox 776 691 819 752; x_wconf 81' lang='lat' dir='ltr'><strong>qni</strong></span> <span class='ocrx_word' id='word_1_43' title='bbox 833 695 871 740; x_wconf 83' lang='lat' dir='ltr'><strong>est</strong></span> <span class='ocrx_word' id='word_1_44' title='bbox 881 696 958 755; x_wconf 80' lang='lat' dir='ltr'><strong>caput</strong></span> <span class='ocrx_word' id='word_1_45' title='bbox 970 696 1095 744; x_wconf 87' lang='lat' dir='ltr'><strong>nostrum.</strong></span> 
     </span>
    </p>
   </div>
   <div class='ocr_carea' id='block_1_3' title="bbox 103 765 1010 907">
    <p class='ocr_par' dir='ltr' id='par_1_3' title="bbox 103 765 1010 907">
     <span class='ocr_line' id='line_1_8' title="bbox 138 765 1010 831; baseline 0.006 -17"><span class='ocrx_word' id='word_1_46' title='bbox 138 765 185 817; x_wconf 84' lang='lat' dir='ltr'><strong>iti.</strong></span> <span class='ocrx_word' id='word_1_47' title='bbox 202 766 241 817; x_wconf 86' lang='lat' dir='ltr'><strong>Ex</strong></span> <span class='ocrx_word' id='word_1_48' title='bbox 254 778 310 831; x_wconf 88' lang='lat' dir='ltr'><strong>quo</strong></span> <span class='ocrx_word' id='word_1_49' title='bbox 599 766 636 816; x_wconf 81' lang='lat' dir='ltr'><strong>lix</strong></span> <span class='ocrx_word' id='word_1_50' title='bbox 646 778 696 828; x_wconf 82' lang='lat' dir='ltr'><strong>quo</strong></span> <span class='ocrx_word' id='word_1_51' title='bbox 707 765 805 816; x_wconf 83' lang='lat' dir='ltr'><strong>cbristo</strong></span> <span class='ocrx_word' id='word_1_52' title='bbox 818 768 899 829; x_wconf 81' lang='lat' dir='ltr'><strong>eapite</strong></span> <span class='ocrx_word' id='word_1_53' title='bbox 910 773 1010 831; x_wconf 85' lang='lat' dir='ltr'><strong>nostro,</strong></span> 
     </span>
     <span class='ocr_line' id='line_1_9' title="bbox 103 841 944 907; baseline -0.004 -14"><span class='ocrx_word' id='word_1_54' title='bbox 103 845 195 893; x_wconf 87' lang='lat' dir='ltr'><strong>totum</strong></span> <span class='ocrx_word' id='word_1_55' title='bbox 207 854 311 907; x_wconf 88' lang='lat' dir='ltr'><strong>corpus</strong></span> <span class='ocrx_word' id='word_1_56' title='bbox 598 841 689 893; x_wconf 81' lang='lat' dir='ltr'><strong>&#39;lotum</strong></span> <span class='ocrx_word' id='word_1_57' title='bbox 702 841 818 892; x_wconf 81' lang='lat' dir='ltr'><strong>Ecclesia</strong></span> <span class='ocrx_word' id='word_1_58' title='bbox 833 853 944 903; x_wconf 84' lang='lat' dir='ltr'><strong>corpus,</strong></span> 
     </span>
    </p>
   </div>
   <div class='ocr_carea' id='block_1_4' title="bbox 103 917 1165 988">
    <p class='ocr_par' dir='ltr' id='par_1_4' title="bbox 103 917 1165 988">
     <span class='ocr_line' id='line_1_10' title="bbox 103 917 1165 988; baseline 0.002 -20"><span class='ocrx_word' id='word_1_59' title='bbox 103 923 283 985; x_wconf 85' lang='lat' dir='ltr'><strong>compactum</strong></span> <span class='ocrx_word' id='word_1_60' title='bbox 294 923 321 972; x_wconf 85' lang='lat' dir='ltr'><strong>et</strong></span> <span class='ocrx_word' id='word_1_61' title='bbox 333 932 489 973; x_wconf 79' lang='lat' dir='ltr'><strong>connexum</strong></span> <span class='ocrx_word' id='word_1_62' title='bbox 495 934 548 988; x_wconf 76' lang='lat' dir='ltr'><strong>per</strong></span> <span class='ocrx_word' id='word_1_63' title='bbox 600 917 689 983; x_wconf 82' lang='lat' dir='ltr'><strong>(Quod</strong></span> <span class='ocrx_word' id='word_1_64' title='bbox 696 921 857 980; x_wconf 85' lang='lat' dir='ltr'><strong>compactum</strong></span> <span class='ocrx_word' id='word_1_65' title='bbox 867 921 892 967; x_wconf 90' lang='lat' dir='ltr'><strong>et</strong></span> <span class='ocrx_word' id='word_1_66' title='bbox 903 930 1046 968; x_wconf 85' lang='lat' dir='ltr'><strong>connexum</strong></span> <span class='ocrx_word' id='word_1_67' title='bbox 1058 921 1098 970; x_wconf 88' lang='lat' dir='ltr'><strong>est</strong></span> <span class='ocrx_word' id='word_1_68' title='bbox 1106 955 1113 980; x_wconf 96' lang='lat'><strong>,</strong></span> <span class='ocrx_word' id='word_1_69' title='bbox 1121 931 1165 970; x_wconf 84' lang='lat' dir='ltr'><strong>seu</strong></span> 
     </span>
    </p>
   </div>
   <div class='ocr_carea' id='block_1_5' title="bbox 102 1108 1165 1242">
    <p class='ocr_par' dir='ltr' id='par_1_5' title="bbox 102 1108 1165 1242">
     <span class='ocr_line' id='line_1_11' title="bbox 134 1108 1165 1174; baseline 0.003 -16"><span class='ocrx_word' id='word_1_70' title='bbox 134 1108 173 1158; x_wconf 81' lang='lat' dir='ltr'><strong>Ex</strong></span> <span class='ocrx_word' id='word_1_71' title='bbox 188 1108 229 1159; x_wconf 89' lang='lat' dir='ltr'><strong>his</strong></span> <span class='ocrx_word' id='word_1_72' title='bbox 240 1109 375 1170; x_wconf 89' lang='lat' dir='ltr'><strong>omnibus,</strong></span> <span class='ocrx_word' id='word_1_73' title='bbox 390 1113 415 1159; x_wconf 91' lang='lat' dir='ltr'><strong>et</strong></span> <span class='ocrx_word' id='word_1_74' title='bbox 426 1109 535 1159; x_wconf 79' lang='lat' dir='ltr'><strong>maxime</strong></span> <span class='ocrx_word' id='word_1_75' title='bbox 550 1110 582 1160; x_wconf 90' lang='lat' dir='ltr'><strong>ob</strong></span> <span class='ocrx_word' id='word_1_76' title='bbox 595 1122 700 1172; x_wconf 75' lang='lat' dir='ltr'><strong>graecam</strong></span> <span class='ocrx_word' id='word_1_77' title='bbox 717 1111 901 1171; x_wconf 73' lang='lat' dir='ltr'>expressionem</span> <span class='ocrx_word' id='word_1_78' title='bbox 912 1109 959 1174; x_wconf 80' lang='lat' dir='ltr'><strong>(oi</strong></span> <span class='ocrx_word' id='word_1_79' title='bbox 973 1124 1024 1161; x_wconf 81' lang='lat' dir='ltr'><strong>ooo</strong></span> <span class='ocrx_word' id='word_1_80' title='bbox 1038 1110 1165 1174; x_wconf 73' lang='lat' dir='ltr'><strong>ampliati)</strong></span> 
     </span>
     <span class='ocr_line' id='line_1_12' title="bbox 102 1177 1165 1242; baseline 0.005 -16"><span class='ocrx_word' id='word_1_81' title='bbox 102 1177 232 1240; x_wconf 74' lang='lat' dir='ltr'><strong>probabile</strong></span> <span class='ocrx_word' id='word_1_82' title='bbox 242 1178 341 1228; x_wconf 83' lang='lat' dir='ltr'><strong>ridetur</strong></span> <span class='ocrx_word' id='word_1_83' title='bbox 358 1178 426 1240; x_wconf 85' lang='lat' dir='ltr'><strong>qubd</strong></span> <span class='ocrx_word' id='word_1_84' title='bbox 442 1179 533 1241; x_wconf 86' lang='lat' dir='ltr'><strong>llpbesi</strong></span> <span class='ocrx_word' id='word_1_85' title='bbox 548 1179 649 1241; x_wconf 88' lang='lat' dir='ltr'><strong>plures,</strong></span> <span class='ocrx_word' id='word_1_86' title='bbox 663 1182 719 1228; x_wconf 90' lang='lat' dir='ltr'><strong>tum</strong></span> <span class='ocrx_word' id='word_1_87' title='bbox 738 1178 944 1242; x_wconf 86' lang='lat' dir='ltr'><strong>pbilosophorum</strong></span> <span class='ocrx_word' id='word_1_88' title='bbox 957 1179 1094 1237; x_wconf 86' lang='lat' dir='ltr'><strong>doctrinis,</strong></span> <span class='ocrx_word' id='word_1_89' title='bbox 1109 1183 1165 1231; x_wconf 89' lang='lat' dir='ltr'><strong>tum</strong></span> 
     </span>
    </p>
   </div>
   <div class='ocr_carea' id='block_1_6' title="bbox 100 1245 1164 1378">
    <p class='ocr_par' dir='ltr' id='par_1_6' title="bbox 100 1245 1164 1378">
     <span class='ocr_line' id='line_1_13' title="bbox 100 1245 1164 1311; baseline 0.003 -14"><span class='ocrx_word' id='word_1_90' title='bbox 100 1245 284 1308; x_wconf 65' lang='lat' dir='ltr'><strong>judaizantium</strong></span> <span class='ocrx_word' id='word_1_91' title='bbox 295 1259 396 1308; x_wconf 89' lang='lat' dir='ltr'><strong>errore,</strong></span> <span class='ocrx_word' id='word_1_92' title='bbox 410 1249 578 1299; x_wconf 74' lang='lat' dir='ltr'><strong>circumventi</strong></span> <span class='ocrx_word' id='word_1_93' title='bbox 591 1248 811 1311; x_wconf 59' lang='lat' dir='ltr'><strong>[certaminaque</strong></span> <span class='ocrx_word' id='word_1_94' title='bbox 824 1253 849 1300; x_wconf 91' lang='lat' dir='ltr'><strong>et</strong></span> <span class='ocrx_word' id='word_1_95' title='bbox 861 1248 923 1299; x_wconf 89' lang='lat' dir='ltr'><strong>illuc</strong></span> <span class='ocrx_word' id='word_1_96' title='bbox 931 1285 939 1310; x_wconf 94' lang='lat'>‚</span> <span class='ocrx_word' id='word_1_97' title='bbox 948 1246 1068 1300; x_wconf 82' lang='lat' dir='ltr'><strong>doctrina</strong></span> <span class='ocrx_word' id='word_1_98' title='bbox 1079 1255 1164 1310; x_wconf 87' lang='lat' dir='ltr'><strong>venio,</strong></span> 
     </span>
     <span class='ocr_line' id='line_1_14' title="bbox 101 1314 416 1378; baseline 0.006 -14"><span class='ocrx_word' id='word_1_99' title='bbox 101 1316 175 1376; x_wconf 83' lang='lat' dir='ltr'><strong>quasi</strong></span> <span class='ocrx_word' id='word_1_100' title='bbox 189 1314 304 1378; x_wconf 88' lang='lat' dir='ltr'><strong>procellis</strong></span> <span class='ocrx_word' id='word_1_101' title='bbox 320 1317 416 1378; x_wconf 84' lang='lat' dir='ltr'><strong>agitati.</strong></span> 
     </span>
    </p>
   </div>
   <div class='ocr_carea' id='block_1_7' title="bbox 102 1402 1163 1536">
    <p class='ocr_par' dir='ltr' id='par_1_7' title="bbox 102 1402 1163 1536">
     <span class='ocr_line' id='line_1_15' title="bbox 136 1402 1163 1470; baseline 0.008 -19"><span class='ocrx_word' id='word_1_102' title='bbox 136 1403 177 1453; x_wconf 76' lang='lat' dir='ltr'><strong>ii.</strong></span> <span class='ocrx_word' id='word_1_103' title='bbox 196 1402 328 1452; x_wconf 73' lang='lat' dir='ltr'><strong><em>Veritatem</em></strong></span> <span class='ocrx_word' id='word_1_104' title='bbox 346 1409 431 1454; x_wconf 71' lang='lat' dir='ltr'><strong>ouum</strong></span> <span class='ocrx_word' id='word_1_105' title='bbox 450 1403 596 1468; x_wconf 70' lang='lat' dir='ltr'><strong>sociantes...</strong></span> <span class='ocrx_word' id='word_1_106' title='bbox 615 1403 659 1455; x_wconf 84' lang='lat' dir='ltr'><strong>sed</strong></span> <span class='ocrx_word' id='word_1_107' title='bbox 673 1408 805 1458; x_wconf 83' lang='lat' dir='ltr'><strong>veritatem</strong></span> <span class='ocrx_word' id='word_1_108' title='bbox 816 1410 941 1458; x_wconf 81' lang='lat' dir='ltr'><strong>sectantes</strong></span> <span class='ocrx_word' id='word_1_109' title='bbox 956 1411 982 1459; x_wconf 87' lang='lat' dir='ltr'><strong>et</strong></span> <span class='ocrx_word' id='word_1_110' title='bbox 999 1407 1163 1470; x_wconf 84' lang='lat' dir='ltr'><strong>charitatem,</strong></span> 
     </span>
     <span class='ocr_line' id='line_1_16' title="bbox 102 1470 527 1536; baseline 0.002 -13"><span class='ocrx_word' id='word_1_111' title='bbox 102 1483 148 1523; x_wconf 84' lang='lat' dir='ltr'><strong>seu</strong></span> <span class='ocrx_word' id='word_1_112' title='bbox 163 1470 295 1522; x_wconf 86' lang='lat' dir='ltr'><strong>charitatis</strong></span> <span class='ocrx_word' id='word_1_113' title='bbox 308 1485 383 1536; x_wconf 90' lang='lat' dir='ltr'><strong>opera</strong></span> <span class='ocrx_word' id='word_1_114' title='bbox 398 1473 527 1525; x_wconf 71' lang='lat' dir='ltr'><strong>facientes.</strong></span> 
     </span>
    </p>
   </div>
   <div class='ocr_carea' id='block_1_8' title="bbox 97 1547 1177 2595">
    <p class='ocr_par' dir='ltr' id='par_1_8' title="bbox 101 1547 1164 1873">
     <span class='ocr_line' id='line_1_17' title="bbox 131 1547 1164 1609; baseline 0.008 -13"><span class='ocrx_word' id='word_1_115' title='bbox 131 1547 195 1597; x_wconf 83' lang='lat' dir='ltr'><strong>lina</strong></span> <span class='ocrx_word' id='word_1_116' title='bbox 205 1550 266 1596; x_wconf 87' lang='lat' dir='ltr'><strong>suut</strong></span> <span class='ocrx_word' id='word_1_117' title='bbox 276 1550 360 1609; x_wconf 88' lang='lat' dir='ltr'><strong>partes</strong></span> <span class='ocrx_word' id='word_1_118' title='bbox 377 1547 435 1598; x_wconf 89' lang='lat' dir='ltr'><strong>ildei</strong></span> <span class='ocrx_word' id='word_1_119' title='bbox 445 1585 453 1608; x_wconf 91' lang='lat'><strong>,</strong></span> <span class='ocrx_word' id='word_1_120' title='bbox 464 1562 509 1599; x_wconf 84' lang='lat' dir='ltr'><strong>seu</strong></span> <span class='ocrx_word' id='word_1_121' title='bbox 525 1552 583 1599; x_wconf 73' lang='lat' dir='ltr'><strong>viic</strong></span> <span class='ocrx_word' id='word_1_122' title='bbox 592 1549 734 1600; x_wconf 77' lang='lat' dir='ltr'><strong>christiana</strong></span> <span class='ocrx_word' id='word_1_123' title='bbox 744 1567 753 1602; x_wconf 83' lang='lat' dir='ltr'><strong>r</strong></span> <span class='ocrx_word' id='word_1_124' title='bbox 764 1551 864 1604; x_wconf 87' lang='lat' dir='ltr'><strong>credere</strong></span> <span class='ocrx_word' id='word_1_125' title='bbox 874 1565 964 1603; x_wconf 81' lang='lat' dir='ltr'><strong>verum</strong></span> <span class='ocrx_word' id='word_1_126' title='bbox 979 1557 1004 1603; x_wconf 91' lang='lat' dir='ltr'><strong>et</strong></span> <span class='ocrx_word' id='word_1_127' title='bbox 1019 1553 1102 1603; x_wconf 88' lang='lat' dir='ltr'><strong>iacere</strong></span> <span class='ocrx_word' id='word_1_128' title='bbox 1117 1553 1164 1604; x_wconf 93' lang='lat' dir='ltr'><strong>bo-</strong></span> 
     </span>
     <span class='ocr_line' id='line_1_18' title="bbox 101 1615 1163 1684; baseline 0.006 -18"><span class='ocrx_word' id='word_1_129' title='bbox 101 1630 182 1678; x_wconf 70' lang='lat' dir='ltr'><strong>num,</strong></span> <span class='ocrx_word' id='word_1_130' title='bbox 194 1628 238 1666; x_wconf 87' lang='lat' dir='ltr'><strong>seu</strong></span> <span class='ocrx_word' id='word_1_131' title='bbox 248 1618 379 1667; x_wconf 85' lang='lat' dir='ltr'><strong>veritatem</strong></span> <span class='ocrx_word' id='word_1_132' title='bbox 388 1630 419 1667; x_wconf 85' lang='lat' dir='ltr'><strong>ex</strong></span> <span class='ocrx_word' id='word_1_133' title='bbox 429 1617 560 1668; x_wconf 85' lang='lat' dir='ltr'><strong>charitatis</strong></span> <span class='ocrx_word' id='word_1_134' title='bbox 570 1622 665 1669; x_wconf 84' lang='lat' dir='ltr'><strong>motivo</strong></span> <span class='ocrx_word' id='word_1_135' title='bbox 678 1618 768 1680; x_wconf 86' lang='lat' dir='ltr'><strong>iacere,</strong></span> <span class='ocrx_word' id='word_1_136' title='bbox 780 1621 806 1670; x_wconf 90' lang='lat' dir='ltr'><strong>id</strong></span> <span class='ocrx_word' id='word_1_137' title='bbox 817 1624 1039 1684; x_wconf 74' lang='lat' dir='ltr'><strong>est,exseqn1qun</strong></span> <span class='ocrx_word' id='word_1_138' title='bbox 1050 1615 1163 1673; x_wconf 85' lang='lat' dir='ltr'><strong>iacienda</strong></span> 
     </span>
     <span class='ocr_line' id='line_1_19' title="bbox 101 1684 774 1750; baseline 0.003 -14"><span class='ocrx_word' id='word_1_139' title='bbox 101 1685 177 1736; x_wconf 89' lang='lat' dir='ltr'><strong>docet</strong></span> <span class='ocrx_word' id='word_1_140' title='bbox 190 1684 266 1746; x_wconf 86' lang='lat' dir='ltr'><strong>tides,</strong></span> <span class='ocrx_word' id='word_1_141' title='bbox 281 1685 372 1748; x_wconf 82' lang='lat' dir='ltr'><strong>illaque</strong></span> <span class='ocrx_word' id='word_1_142' title='bbox 384 1692 485 1750; x_wconf 87' lang='lat' dir='ltr'><strong>propter</strong></span> <span class='ocrx_word' id='word_1_143' title='bbox 497 1700 611 1738; x_wconf 89' lang='lat' dir='ltr'><strong>amorem</strong></span> <span class='ocrx_word' id='word_1_144' title='bbox 624 1689 667 1738; x_wconf 83' lang='lat' dir='ltr'><strong>liei</strong></span> <span class='ocrx_word' id='word_1_145' title='bbox 683 1688 774 1739; x_wconf 88' lang='lat' dir='ltr'><strong>iacere.</strong></span> 
     </span>
     <span class='ocr_line' id='line_1_20' title="bbox 101 1754 1164 1873; baseline 0.008 -71"><span class='ocrx_word' id='word_1_146' title='bbox 101 1754 206 1873; x_wconf 59' lang='lat' dir='ltr'><strong>cll&#39;llrrnlc</strong></span> <span class='ocrx_word' id='word_1_147' title='bbox 228 1755 429 1815; x_wconf 80' lang='lat' dir='ltr'><strong>quaquaversum</strong></span> <span class='ocrx_word' id='word_1_148' title='bbox 450 1754 480 1805; x_wconf 85' lang='lat' dir='ltr'><strong>tir</strong></span> <span class='ocrx_word' id='word_1_149' title='bbox 503 1757 614 1806; x_wconf 84' lang='lat' dir='ltr'><strong>acerelio</strong></span> <span class='ocrx_word' id='word_1_150' title='bbox 637 1756 775 1819; x_wconf 82' lang='lat' dir='ltr'><strong>spiritualis</strong></span> <span class='ocrx_word' id='word_1_151' title='bbox 793 1759 820 1807; x_wconf 90' lang='lat' dir='ltr'><strong>in</strong></span> <span class='ocrx_word' id='word_1_152' title='bbox 843 1756 956 1819; x_wconf 83' lang='lat' dir='ltr'><strong>Christo,</strong></span> <span class='ocrx_word' id='word_1_153' title='bbox 979 1772 1023 1810; x_wconf 88' lang='lat' dir='ltr'><strong>seu</strong></span> <span class='ocrx_word' id='word_1_154' title='bbox 1045 1760 1164 1823; x_wconf 88' lang='lat' dir='ltr'><strong>perieotio</strong></span> 
     </span>
    </p>

    <p class='ocr_par' dir='ltr' id='par_1_9' title="bbox 136 1835 252 1872">
     <span class='ocr_line' id='line_1_21' title="bbox 136 1835 252 1872; baseline 0.009 -1"><span class='ocrx_word' id='word_1_155' title='bbox 136 1835 173 1871; x_wconf 92' lang='lat' dir='ltr'><strong>rs</strong></span> <span class='ocrx_word' id='word_1_156' title='bbox 194 1835 252 1872; x_wconf 88' lang='lat' dir='ltr'><strong>ana.</strong></span> 
     </span>
    </p>

    <p class='ocr_par' dir='ltr' id='par_1_10' title="bbox 99 1895 1163 2097">
     <span class='ocr_line' id='line_1_22' title="bbox 132 1895 1161 1960; baseline -0.001 -17"><span class='ocrx_word' id='word_1_157' title='bbox 132 1895 226 1945; x_wconf 85' lang='lat' dir='ltr'><strong>&#39;lexins</strong></span> <span class='ocrx_word' id='word_1_158' title='bbox 243 1906 338 1957; x_wconf 66' lang='lat' dir='ltr'><strong>manns</strong></span> <span class='ocrx_word' id='word_1_159' title='bbox 357 1898 433 1948; x_wconf 90' lang='lat' dir='ltr'><strong>unico</strong></span> <span class='ocrx_word' id='word_1_160' title='bbox 451 1897 527 1947; x_wconf 81' lang='lat' dir='ltr'><strong>verbo</strong></span> <span class='ocrx_word' id='word_1_161' title='bbox 548 1898 664 1960; x_wconf 85' lang='lat' dir='ltr'><strong>exprimit</strong></span> <span class='ocrx_word' id='word_1_162' title='bbox 679 1895 746 1958; x_wconf 88' lang='lat' dir='ltr'><strong>quod</strong></span> <span class='ocrx_word' id='word_1_163' title='bbox 768 1908 815 1945; x_wconf 88' lang='lat' dir='ltr'><strong>nos</strong></span> <span class='ocrx_word' id='word_1_164' title='bbox 836 1895 974 1958; x_wconf 74' lang='lat' dir='ltr'><strong>pluribus:</strong></span> <span class='ocrx_word' id='word_1_165' title='bbox 993 1895 1161 1956; x_wconf 62' lang='lat' dir='ltr'><strong>maerstem,</strong></span> 
     </span>
     <span class='ocr_line' id='line_1_23' title="bbox 99 1964 1163 2029; baseline 0.002 -13"><span class='ocrx_word' id='word_1_166' title='bbox 99 1967 176 2028; x_wconf 84' lang='lat' dir='ltr'><strong>quasi</strong></span> <span class='ocrx_word' id='word_1_167' title='bbox 188 1964 280 2015; x_wconf 89' lang='lat' dir='ltr'><strong>diceret</strong></span> <span class='ocrx_word' id='word_1_168' title='bbox 294 1985 300 2015; x_wconf 69' lang='grc' dir='ltr'><strong><em>ι</em></strong></span> <span class='ocrx_word' id='word_1_169' title='bbox 317 1966 377 2027; x_wconf 80' lang='lat' dir='ltr'><strong>Qua</strong></span> <span class='ocrx_word' id='word_1_170' title='bbox 388 1980 448 2016; x_wconf 80' lang='lat' dir='ltr'><strong>reru</strong></span> <span class='ocrx_word' id='word_1_171' title='bbox 462 1967 605 2027; x_wconf 86' lang='lat' dir='ltr'><strong>oredimus,</strong></span> <span class='ocrx_word' id='word_1_172' title='bbox 618 1964 738 2017; x_wconf 75' lang='lat' dir='ltr'><strong>facientes</strong></span> <span class='ocrx_word' id='word_1_173' title='bbox 748 1979 791 2029; x_wconf 89' lang='lat' dir='ltr'><strong>per</strong></span> <span class='ocrx_word' id='word_1_174' title='bbox 800 1967 966 2029; x_wconf 77' lang='lat' dir='ltr'><strong>charitatem3</strong></span> <span class='ocrx_word' id='word_1_175' title='bbox 977 1979 1021 2017; x_wconf 89' lang='lat' dir='ltr'><strong>seu</strong></span> <span class='ocrx_word' id='word_1_176' title='bbox 1032 1970 1163 2021; x_wconf 85' lang='lat' dir='ltr'><strong>veritatem</strong></span> 
     </span>
     <span class='ocr_line' id='line_1_24' title="bbox 99 2036 447 2097; baseline 0 -12"><span class='ocrx_word' id='word_1_177' title='bbox 99 2036 227 2085; x_wconf 84' lang='lat' dir='ltr'><strong>sectantes</strong></span> <span class='ocrx_word' id='word_1_178' title='bbox 238 2037 263 2083; x_wconf 89' lang='lat' dir='ltr'><strong>et</strong></span> <span class='ocrx_word' id='word_1_179' title='bbox 276 2039 447 2097; x_wconf 80' lang='lat' dir='ltr'><strong>exsequentes.</strong></span> 
     </span>
    </p>

    <p class='ocr_par' dir='ltr' id='par_1_11' title="bbox 133 2103 902 2168">
     <span class='ocr_line' id='line_1_25' title="bbox 133 2103 902 2168; baseline 0.003 -15"><span class='ocrx_word' id='word_1_180' title='bbox 133 2103 190 2154; x_wconf 90' lang='lat' dir='ltr'><strong>lloe</strong></span> <span class='ocrx_word' id='word_1_181' title='bbox 202 2103 308 2153; x_wconf 84' lang='lat' dir='ltr'><strong>verbum</strong></span> <span class='ocrx_word' id='word_1_182' title='bbox 322 2107 425 2168; x_wconf 88' lang='lat' dir='ltr'><strong>opponit</strong></span> <span class='ocrx_word' id='word_1_183' title='bbox 439 2105 606 2168; x_wconf 74' lang='lat' dir='ltr'><strong>precedenti,</strong></span> <span class='ocrx_word' id='word_1_184' title='bbox 620 2105 699 2168; x_wconf 71' lang='lat' dir='ltr'><strong>cybio</strong></span> <span class='ocrx_word' id='word_1_185' title='bbox 714 2111 736 2156; x_wconf 85' lang='lat' dir='ltr'><strong>et</strong></span> <span class='ocrx_word' id='word_1_186' title='bbox 748 2106 902 2168; x_wconf 73' lang='lat' dir='ltr'><strong>impostura.</strong></span> 
     </span>
    </p>

    <p class='ocr_par' dir='ltr' id='par_1_12' title="bbox 97 2177 1177 2381">
     <span class='ocr_line' id='line_1_26' title="bbox 136 2177 1163 2243; baseline 0.001 -13"><span class='ocrx_word' id='word_1_187' title='bbox 136 2179 282 2230; x_wconf 65' lang='lat' dir='ltr'><strong>&amp;erramus</strong></span> <span class='ocrx_word' id='word_1_188' title='bbox 296 2177 324 2226; x_wconf 79' lang='lat' dir='ltr'><strong>io</strong></span> <span class='ocrx_word' id='word_1_189' title='bbox 335 2177 410 2228; x_wconf 83' lang='lat' dir='ltr'><strong>ilio...</strong></span> <span class='ocrx_word' id='word_1_190' title='bbox 422 2178 465 2229; x_wconf 89' lang='lat' dir='ltr'><strong>Gr.</strong></span> <span class='ocrx_word' id='word_1_191' title='bbox 484 2192 626 2230; x_wconf 87' lang='lat' dir='ltr'><strong>crescamus</strong></span> <span class='ocrx_word' id='word_1_192' title='bbox 637 2182 664 2229; x_wconf 92' lang='lat' dir='ltr'><strong>in</strong></span> <span class='ocrx_word' id='word_1_193' title='bbox 682 2182 765 2243; x_wconf 86' lang='lat' dir='ltr'><strong>ipsum</strong></span> <span class='ocrx_word' id='word_1_194' title='bbox 779 2182 881 2240; x_wconf 90' lang='lat' dir='ltr'><strong>omnia,</strong></span> <span class='ocrx_word' id='word_1_195' title='bbox 898 2179 924 2228; x_wconf 89' lang='lat' dir='ltr'><strong>id</strong></span> <span class='ocrx_word' id='word_1_196' title='bbox 935 2183 988 2241; x_wconf 87' lang='lat' dir='ltr'><strong>esi,</strong></span> <span class='ocrx_word' id='word_1_197' title='bbox 999 2192 1163 2242; x_wconf 71' lang='lat' dir='ltr'><strong>augescentes</strong></span> 
     </span>
     <span class='ocr_line' id='line_1_27' title="bbox 97 2246 1160 2312; baseline 0 -13"><span class='ocrx_word' id='word_1_198' title='bbox 97 2251 130 2299; x_wconf 91' lang='lat' dir='ltr'><strong>iu</strong></span> <span class='ocrx_word' id='word_1_199' title='bbox 146 2246 222 2298; x_wconf 91' lang='lat' dir='ltr'><strong>illum</strong></span> <span class='ocrx_word' id='word_1_200' title='bbox 233 2246 373 2296; x_wconf 82' lang='lat' dir='ltr'><strong>secundum</strong></span> <span class='ocrx_word' id='word_1_201' title='bbox 384 2251 480 2309; x_wconf 89' lang='lat' dir='ltr'><strong>omnia,</strong></span> <span class='ocrx_word' id='word_1_202' title='bbox 489 2261 533 2298; x_wconf 88' lang='lat' dir='ltr'><strong>seu</strong></span> <span class='ocrx_word' id='word_1_203' title='bbox 544 2251 615 2298; x_wconf 90' lang='lat' dir='ltr'><strong>omni</strong></span> <span class='ocrx_word' id='word_1_204' title='bbox 624 2253 758 2311; x_wconf 87' lang='lat' dir='ltr'><strong>augmento</strong></span> <span class='ocrx_word' id='word_1_205' title='bbox 766 2286 773 2310; x_wconf 96' lang='lat'><strong>,</strong></span> <span class='ocrx_word' id='word_1_206' title='bbox 781 2261 982 2311; x_wconf 85' lang='lat' dir='ltr'><strong>quaquaversum</strong></span> <span class='ocrx_word' id='word_1_207' title='bbox 994 2268 1001 2298; x_wconf 71' lang='grc' dir='ltr'><strong><em>ι</em></strong></span> <span class='ocrx_word' id='word_1_208' title='bbox 1013 2252 1040 2298; x_wconf 92' lang='lat' dir='ltr'><strong>in</strong></span> <span class='ocrx_word' id='word_1_209' title='bbox 1049 2249 1160 2312; x_wconf 89' lang='lat' dir='ltr'><strong>longum,</strong></span> 
     </span>
     <span class='ocr_line' id='line_1_28' title="bbox 97 2317 1177 2381; baseline 0.001 -11"><span class='ocrx_word' id='word_1_210' title='bbox 97 2318 185 2370; x_wconf 91' lang='lat' dir='ltr'><strong>latum</strong></span> <span class='ocrx_word' id='word_1_211' title='bbox 198 2322 223 2368; x_wconf 88' lang='lat' dir='ltr'><strong>et</strong></span> <span class='ocrx_word' id='word_1_212' title='bbox 233 2317 399 2381; x_wconf 82' lang='lat' dir='ltr'><strong>profundum,</strong></span> <span class='ocrx_word' id='word_1_213' title='bbox 412 2320 439 2368; x_wconf 93' lang='lat' dir='ltr'><strong>ln</strong></span> <span class='ocrx_word' id='word_1_214' title='bbox 451 2321 569 2369; x_wconf 88' lang='lat' dir='ltr'><strong>omnibus</strong></span> <span class='ocrx_word' id='word_1_215' title='bbox 583 2320 656 2370; x_wconf 89' lang='lat' dir='ltr'><strong>donis</strong></span> <span class='ocrx_word' id='word_1_216' title='bbox 667 2325 692 2370; x_wconf 91' lang='lat' dir='ltr'><strong>et</strong></span> <span class='ocrx_word' id='word_1_217' title='bbox 702 2321 847 2370; x_wconf 88' lang='lat' dir='ltr'><strong>virtutibus.</strong></span> <span class='ocrx_word' id='word_1_218' title='bbox 1172 2355 1177 2360; x_wconf 38' lang='lat'><strong>⁴</strong></span> 
     </span>
    </p>

    <p class='ocr_par' dir='ltr' id='par_1_13' title="bbox 98 2388 1162 2509">
     <span class='ocr_line' id='line_1_29' title="bbox 131 2388 1162 2450; baseline 0 -10"><span class='ocrx_word' id='word_1_219' title='bbox 131 2389 268 2440; x_wconf 79' lang='lat' dir='ltr'><strong>Crescente</strong></span> <span class='ocrx_word' id='word_1_220' title='bbox 280 2388 417 2450; x_wconf 85' lang='lat' dir='ltr'><strong>charitate,</strong></span> <span class='ocrx_word' id='word_1_221' title='bbox 429 2390 554 2440; x_wconf 85' lang='lat' dir='ltr'><strong>virtutum</strong></span> <span class='ocrx_word' id='word_1_222' title='bbox 569 2390 650 2440; x_wconf 81' lang='lat' dir='ltr'><strong>iormi</strong></span> <span class='ocrx_word' id='word_1_223' title='bbox 662 2394 688 2439; x_wconf 90' lang='lat' dir='ltr'><strong>et</strong></span> <span class='ocrx_word' id='word_1_224' title='bbox 706 2388 805 2450; x_wconf 82' lang='lat' dir='ltr'><strong>animi,</strong></span> <span class='ocrx_word' id='word_1_225' title='bbox 818 2390 936 2440; x_wconf 85' lang='lat' dir='ltr'><strong>crescunt</strong></span> <span class='ocrx_word' id='word_1_226' title='bbox 953 2401 1041 2440; x_wconf 88' lang='lat' dir='ltr'><strong>omnes</strong></span> <span class='ocrx_word' id='word_1_227' title='bbox 1058 2390 1162 2440; x_wconf 84' lang='lat' dir='ltr'><strong>virtutes</strong></span> 
     </span>
     <span class='ocr_line' id='line_1_30' title="bbox 98 2460 221 2509; baseline -0.008 0"><span class='ocrx_word' id='word_1_228' title='bbox 98 2460 221 2509; x_wconf 83' lang='lat' dir='ltr'><strong>interna.</strong></span> 
     </span>
    </p>

    <p class='ocr_par' dir='ltr' id='par_1_14' title="bbox 131 2531 860 2595">
     <span class='ocr_line' id='line_1_31' title="bbox 131 2531 860 2595; baseline -0.003 -12"><span class='ocrx_word' id='word_1_229' title='bbox 131 2534 165 2583; x_wconf 79' lang='lat' dir='ltr'><strong>Io</strong></span> <span class='ocrx_word' id='word_1_230' title='bbox 178 2531 243 2590; x_wconf 78' lang='lat' dir='ltr'><strong>illo,</strong></span> <span class='ocrx_word' id='word_1_231' title='bbox 260 2535 284 2581; x_wconf 90' lang='lat' dir='ltr'><strong>et</strong></span> <span class='ocrx_word' id='word_1_232' title='bbox 297 2543 341 2595; x_wconf 91' lang='lat' dir='ltr'><strong>per</strong></span> <span class='ocrx_word' id='word_1_233' title='bbox 353 2531 442 2593; x_wconf 90' lang='lat' dir='ltr'><strong>illurn,</strong></span> <span class='ocrx_word' id='word_1_234' title='bbox 456 2545 500 2582; x_wconf 91' lang='lat' dir='ltr'><strong>seu</strong></span> <span class='ocrx_word' id='word_1_235' title='bbox 514 2545 544 2582; x_wconf 88' lang='lat' dir='ltr'><strong>ex</strong></span> <span class='ocrx_word' id='word_1_236' title='bbox 557 2531 655 2581; x_wconf 85' lang='lat' dir='ltr'><strong>iniluru</strong></span> <span class='ocrx_word' id='word_1_237' title='bbox 671 2533 760 2594; x_wconf 88' lang='lat' dir='ltr'><strong>capitis</strong></span> <span class='ocrx_word' id='word_1_238' title='bbox 772 2533 860 2582; x_wconf 85' lang='lat' dir='ltr'><strong>nostrl.</strong></span> 
     </span>
    </p>
   </div>
   <div class='ocr_carea' id='block_1_9' title="bbox 95 2615 1163 3713">
    <p class='ocr_par' dir='ltr' id='par_1_15' title="bbox 97 2615 1162 2752">
     <span class='ocr_line' id='line_1_32' title="bbox 134 2615 1162 2681; baseline -0.003 -12"><span class='ocrx_word' id='word_1_239' title='bbox 134 2621 175 2669; x_wconf 79' lang='lat' dir='ltr'><strong>iii.</strong></span> <span class='ocrx_word' id='word_1_240' title='bbox 186 2619 226 2668; x_wconf 78' lang='lat' dir='ltr'><strong>lis</strong></span> <span class='ocrx_word' id='word_1_241' title='bbox 236 2631 284 2681; x_wconf 76' lang='lat' dir='ltr'><strong>mro</strong></span> <span class='ocrx_word' id='word_1_242' title='bbox 298 2624 377 2668; x_wconf 82' lang='lat' dir='ltr'><strong>totum</strong></span> <span class='ocrx_word' id='word_1_243' title='bbox 388 2632 507 2681; x_wconf 79' lang='lat' dir='ltr'><strong>corpus...</strong></span> <span class='ocrx_word' id='word_1_244' title='bbox 520 2618 645 2669; x_wconf 81' lang='lat' dir='ltr'><strong>obremus</strong></span> <span class='ocrx_word' id='word_1_245' title='bbox 656 2623 693 2668; x_wconf 88' lang='lat' dir='ltr'><strong>esi</strong></span> <span class='ocrx_word' id='word_1_246' title='bbox 704 2619 746 2668; x_wconf 84' lang='lat' dir='ltr'><strong>lrlo</strong></span> <span class='ocrx_word' id='word_1_247' title='bbox 762 2617 833 2668; x_wconf 85' lang='lat' dir='ltr'><strong>locus</strong></span> <span class='ocrx_word' id='word_1_248' title='bbox 848 2620 948 2679; x_wconf 87' lang='lat' dir='ltr'><strong>propter</strong></span> <span class='ocrx_word' id='word_1_249' title='bbox 966 2615 1121 2679; x_wconf 83' lang='lat' dir='ltr'><strong>hyperbaton</strong></span> <span class='ocrx_word' id='word_1_250' title='bbox 1137 2620 1162 2666; x_wconf 89' lang='lat' dir='ltr'><strong>et</strong></span> 
     </span>
     <span class='ocr_line' id='line_1_33' title="bbox 97 2686 1070 2752; baseline -0.004 -14"><span class='ocrx_word' id='word_1_251' title='bbox 97 2690 205 2752; x_wconf 86' lang='lat' dir='ltr'><strong>propter</strong></span> <span class='ocrx_word' id='word_1_252' title='bbox 215 2686 362 2738; x_wconf 78' lang='lat' dir='ltr'><strong>brevitatem</strong></span> <span class='ocrx_word' id='word_1_253' title='bbox 375 2706 381 2737; x_wconf 75' lang='grc' dir='ltr'><strong>ι</strong></span> <span class='ocrx_word' id='word_1_254' title='bbox 395 2689 481 2737; x_wconf 90' lang='lat' dir='ltr'><strong>omnia</strong></span> <span class='ocrx_word' id='word_1_255' title='bbox 492 2687 566 2737; x_wconf 89' lang='lat' dir='ltr'><strong>simul</strong></span> <span class='ocrx_word' id='word_1_256' title='bbox 579 2687 659 2736; x_wconf 88' lang='lat' dir='ltr'><strong>dicere</strong></span> <span class='ocrx_word' id='word_1_257' title='bbox 670 2687 767 2737; x_wconf 85' lang='lat' dir='ltr'><strong>voluit:</strong></span> <span class='ocrx_word' id='word_1_258' title='bbox 780 2687 856 2735; x_wconf 84' lang='lat' dir='ltr'><strong>aitll.</strong></span> <span class='ocrx_word' id='word_1_259' title='bbox 869 2687 1070 2747; x_wconf 77' lang='lat' dir='ltr'><strong>chrysostomus.</strong></span> 
     </span>
    </p>

    <p class='ocr_par' dir='ltr' id='par_1_16' title="bbox 98 2751 1161 2958">
     <span class='ocr_line' id='line_1_34' title="bbox 131 2751 1160 2816; baseline -0.006 -10"><span class='ocrx_word' id='word_1_260' title='bbox 131 2755 165 2806; x_wconf 88' lang='lat' dir='ltr'><strong>lli</strong></span> <span class='ocrx_word' id='word_1_261' title='bbox 181 2757 267 2804; x_wconf 86' lang='lat' dir='ltr'><strong>autem</strong></span> <span class='ocrx_word' id='word_1_262' title='bbox 283 2755 375 2804; x_wconf 79' lang='lat' dir='ltr'><strong>claritis</strong></span> <span class='ocrx_word' id='word_1_263' title='bbox 395 2755 534 2816; x_wconf 84' lang='lat' dir='ltr'><strong>intelligas,</strong></span> <span class='ocrx_word' id='word_1_264' title='bbox 546 2760 605 2804; x_wconf 86' lang='lat' dir='ltr'><strong>nota</strong></span> <span class='ocrx_word' id='word_1_265' title='bbox 624 2752 691 2816; x_wconf 84' lang='lat' dir='ltr'><strong>qrrbd</strong></span> <span class='ocrx_word' id='word_1_266' title='bbox 711 2753 816 2814; x_wconf 83' lang='lat' dir='ltr'><strong>explicat</strong></span> <span class='ocrx_word' id='word_1_267' title='bbox 828 2756 993 2813; x_wconf 89' lang='lat' dir='ltr'><strong>augmentum</strong></span> <span class='ocrx_word' id='word_1_268' title='bbox 1004 2753 1031 2800; x_wconf 89' lang='lat' dir='ltr'><strong>in</strong></span> <span class='ocrx_word' id='word_1_269' title='bbox 1047 2751 1160 2810; x_wconf 86' lang='lat' dir='ltr'><strong>Christo,</strong></span> 
     </span>
     <span class='ocr_line' id='line_1_35' title="bbox 98 2824 1161 2888; baseline -0.007 -12"><span class='ocrx_word' id='word_1_270' title='bbox 98 2825 133 2876; x_wconf 86' lang='lat' dir='ltr'><strong>de</strong></span> <span class='ocrx_word' id='word_1_271' title='bbox 147 2837 201 2888; x_wconf 84' lang='lat' dir='ltr'><strong>quo</strong></span> <span class='ocrx_word' id='word_1_272' title='bbox 212 2825 239 2873; x_wconf 87' lang='lat' dir='ltr'><strong>in</strong></span> <span class='ocrx_word' id='word_1_273' title='bbox 252 2837 326 2874; x_wconf 80' lang='lat' dir='ltr'><strong>versu</strong></span> <span class='ocrx_word' id='word_1_274' title='bbox 339 2826 503 2887; x_wconf 78' lang='lat' dir='ltr'><strong>precedente.</strong></span> <span class='ocrx_word' id='word_1_275' title='bbox 515 2824 629 2888; x_wconf 79' lang='lat' dir='ltr'><strong>Explicat</strong></span> <span class='ocrx_word' id='word_1_276' title='bbox 644 2828 730 2873; x_wconf 87' lang='lat' dir='ltr'><strong>autem</strong></span> <span class='ocrx_word' id='word_1_277' title='bbox 743 2835 788 2887; x_wconf 91' lang='lat' dir='ltr'><strong>per</strong></span> <span class='ocrx_word' id='word_1_278' title='bbox 801 2824 1014 2885; x_wconf 86' lang='lat' dir='ltr'><strong>comparationem</strong></span> <span class='ocrx_word' id='word_1_279' title='bbox 1033 2824 1161 2882; x_wconf 81' lang='lat' dir='ltr'><strong>augmenti</strong></span> 
     </span>
     <span class='ocr_line' id='line_1_36' title="bbox 98 2893 396 2958; baseline -0.003 -12"><span class='ocrx_word' id='word_1_280' title='bbox 98 2893 241 2958; x_wconf 81' lang='lat' dir='ltr'><strong>corporalis</strong></span> <span class='ocrx_word' id='word_1_281' title='bbox 251 2906 396 2955; x_wconf 88' lang='lat' dir='ltr'><strong>puerorum.</strong></span> 
     </span>
    </p>

    <p class='ocr_par' dir='ltr' id='par_1_17' title="bbox 96 2959 1163 3233">
     <span class='ocr_line' id='line_1_37' title="bbox 130 2959 1163 3026; baseline -0.006 -12"><span class='ocrx_word' id='word_1_282' title='bbox 130 2963 206 3015; x_wconf 84' lang='lat' dir='ltr'><strong>Sicut</strong></span> <span class='ocrx_word' id='word_1_283' title='bbox 225 2961 367 3012; x_wconf 85' lang='lat' dir='ltr'><strong>humanum</strong></span> <span class='ocrx_word' id='word_1_284' title='bbox 389 2977 496 3026; x_wconf 86' lang='lat' dir='ltr'><strong>corpus,</strong></span> <span class='ocrx_word' id='word_1_285' title='bbox 521 2966 593 3025; x_wconf 79' lang='lat' dir='ltr'><strong>euius</strong></span> <span class='ocrx_word' id='word_1_286' title='bbox 613 2966 735 3014; x_wconf 77' lang='lat' dir='ltr'><strong>universa</strong></span> <span class='ocrx_word' id='word_1_287' title='bbox 752 2964 835 3025; x_wconf 86' lang='lat' dir='ltr'><strong>partes</strong></span> <span class='ocrx_word' id='word_1_288' title='bbox 852 2959 928 3010; x_wconf 87' lang='lat' dir='ltr'><strong>simul</strong></span> <span class='ocrx_word' id='word_1_289' title='bbox 944 2962 1039 3020; x_wconf 75' lang='lat' dir='ltr'><strong>iuncta</strong></span> <span class='ocrx_word' id='word_1_290' title='bbox 1058 2961 1163 3023; x_wconf 77' lang='lat' dir='ltr'><strong>suntet</strong></span> 
     </span>
     <span class='ocr_line' id='line_1_38' title="bbox 97 3029 1161 3096; baseline -0.006 -14"><span class='ocrx_word' id='word_1_291' title='bbox 97 3031 200 3096; x_wconf 80' lang='lat' dir='ltr'><strong>ligatas,</strong></span> <span class='ocrx_word' id='word_1_292' title='bbox 213 3037 376 3094; x_wconf 81' lang='lat' dir='ltr'><strong>augmentum</strong></span> <span class='ocrx_word' id='word_1_293' title='bbox 391 3036 468 3082; x_wconf 90' lang='lat' dir='ltr'><strong>sumit</strong></span> <span class='ocrx_word' id='word_1_294' title='bbox 480 3036 618 3095; x_wconf 89' lang='lat' dir='ltr'><strong>unicuique</strong></span> <span class='ocrx_word' id='word_1_295' title='bbox 631 3033 744 3082; x_wconf 88' lang='lat' dir='ltr'><strong>membro</strong></span> <span class='ocrx_word' id='word_1_296' title='bbox 755 3031 884 3093; x_wconf 89' lang='lat' dir='ltr'><strong>proprium</strong></span> <span class='ocrx_word' id='word_1_297' title='bbox 896 3034 920 3079; x_wconf 92' lang='lat' dir='ltr'><strong>et</strong></span> <span class='ocrx_word' id='word_1_298' title='bbox 931 3029 1161 3090; x_wconf 85' lang='lat' dir='ltr'><strong>proportionatum,</strong></span> 
     </span>
     <span class='ocr_line' id='line_1_39' title="bbox 97 3097 1161 3165; baseline -0.005 -13"><span class='ocrx_word' id='word_1_299' title='bbox 97 3101 217 3164; x_wconf 84' lang='lat' dir='ltr'><strong>illudque</strong></span> <span class='ocrx_word' id='word_1_300' title='bbox 233 3103 323 3164; x_wconf 88' lang='lat' dir='ltr'><strong>recipit</strong></span> <span class='ocrx_word' id='word_1_301' title='bbox 340 3103 372 3151; x_wconf 92' lang='lat' dir='ltr'><strong>ab</strong></span> <span class='ocrx_word' id='word_1_302' title='bbox 386 3103 482 3152; x_wconf 81' lang='lat' dir='ltr'><strong>influxu</strong></span> <span class='ocrx_word' id='word_1_303' title='bbox 495 3105 584 3165; x_wconf 88' lang='lat' dir='ltr'><strong>capitis</strong></span> <span class='ocrx_word' id='word_1_304' title='bbox 601 3107 626 3152; x_wconf 90' lang='lat' dir='ltr'><strong>et</strong></span> <span class='ocrx_word' id='word_1_305' title='bbox 642 3102 741 3161; x_wconf 89' lang='lat' dir='ltr'><strong>cordis,</strong></span> <span class='ocrx_word' id='word_1_306' title='bbox 753 3100 827 3161; x_wconf 86' lang='lat' dir='ltr'><strong>idque</strong></span> <span class='ocrx_word' id='word_1_307' title='bbox 839 3112 883 3161; x_wconf 89' lang='lat' dir='ltr'><strong>per</strong></span> <span class='ocrx_word' id='word_1_308' title='bbox 903 3097 1161 3147; x_wconf 82' lang='lat' dir='ltr'><strong>subministrationem</strong></span> 
     </span>
     <span class='ocr_line' id='line_1_40' title="bbox 96 3168 946 3233; baseline -0.007 -13"><span class='ocrx_word' id='word_1_309' title='bbox 96 3168 265 3222; x_wconf 75' lang='lat' dir='ltr'><strong>vasculorum</strong></span> <span class='ocrx_word' id='word_1_310' title='bbox 278 3183 333 3231; x_wconf 84' lang='lat' dir='ltr'><strong>quae</strong></span> <span class='ocrx_word' id='word_1_311' title='bbox 344 3173 461 3233; x_wconf 84' lang='lat' dir='ltr'><strong>spiritum</strong></span> <span class='ocrx_word' id='word_1_312' title='bbox 473 3176 497 3221; x_wconf 91' lang='lat' dir='ltr'><strong>et</strong></span> <span class='ocrx_word' id='word_1_313' title='bbox 510 3184 615 3222; x_wconf 87' lang='lat' dir='ltr'><strong>succum</strong></span> <span class='ocrx_word' id='word_1_314' title='bbox 627 3172 732 3233; x_wconf 86' lang='lat' dir='ltr'><strong>corpori-</strong></span> <span class='ocrx_word' id='word_1_315' title='bbox 740 3170 946 3225; x_wconf 68' lang='lat' dir='ltr'><strong>subministrant,</strong></span> 
     </span>
    </p>

    <p class='ocr_par' dir='ltr' id='par_1_18' title="bbox 95 3234 1162 3635">
     <span class='ocr_line' id='line_1_41' title="bbox 130 3234 1161 3302; baseline -0.007 -13"><span class='ocrx_word' id='word_1_316' title='bbox 130 3238 175 3289; x_wconf 87' lang='lat' dir='ltr'><strong>Sic</strong></span> <span class='ocrx_word' id='word_1_317' title='bbox 189 3236 314 3299; x_wconf 80' lang='lat' dir='ltr'><strong>Ecclesia,</strong></span> <span class='ocrx_word' id='word_1_318' title='bbox 326 3252 382 3300; x_wconf 78' lang='lat' dir='ltr'><strong>quse</strong></span> <span class='ocrx_word' id='word_1_319' title='bbox 402 3253 492 3302; x_wconf 86' lang='lat' dir='ltr'><strong>corpus</strong></span> <span class='ocrx_word' id='word_1_320' title='bbox 505 3245 543 3290; x_wconf 90' lang='lat' dir='ltr'><strong>est</strong></span> <span class='ocrx_word' id='word_1_321' title='bbox 560 3254 589 3290; x_wconf 80' lang='lat' dir='ltr'><strong>ex</strong></span> <span class='ocrx_word' id='word_1_322' title='bbox 608 3237 722 3289; x_wconf 90' lang='lat' dir='ltr'><strong>tidelibus</strong></span> <span class='ocrx_word' id='word_1_323' title='bbox 737 3236 854 3299; x_wconf 81' lang='lat' dir='ltr'><strong>singulte,</strong></span> <span class='ocrx_word' id='word_1_324' title='bbox 874 3236 945 3296; x_wconf 84' lang='lat' dir='ltr'><strong>quasi</strong></span> <span class='ocrx_word' id='word_1_325' title='bbox 959 3234 1080 3283; x_wconf 84' lang='lat' dir='ltr'><strong>membris</strong></span> <span class='ocrx_word' id='word_1_326' title='bbox 1093 3234 1161 3292; x_wconf 88' lang='lat' dir='ltr'><strong>suls,</strong></span> 
     </span>
     <span class='ocr_line' id='line_1_42' title="bbox 97 3303 1162 3371; baseline -0.007 -13"><span class='ocrx_word' id='word_1_327' title='bbox 97 3311 281 3371; x_wconf 89' lang='lat' dir='ltr'><strong>compactum,</strong></span> <span class='ocrx_word' id='word_1_328' title='bbox 297 3310 386 3371; x_wconf 91' lang='lat' dir='ltr'><strong>recipit</strong></span> <span class='ocrx_word' id='word_1_329' title='bbox 403 3309 435 3357; x_wconf 88' lang='lat' dir='ltr'><strong>ab</strong></span> <span class='ocrx_word' id='word_1_330' title='bbox 454 3311 552 3359; x_wconf 80' lang='lat' dir='ltr'><strong>influxu</strong></span> <span class='ocrx_word' id='word_1_331' title='bbox 569 3309 678 3368; x_wconf 85' lang='lat' dir='ltr'><strong>Christi,</strong></span> <span class='ocrx_word' id='word_1_332' title='bbox 699 3309 788 3369; x_wconf 87' lang='lat' dir='ltr'><strong>capiiis</strong></span> <span class='ocrx_word' id='word_1_333' title='bbox 803 3310 828 3355; x_wconf 91' lang='lat' dir='ltr'><strong>et</strong></span> <span class='ocrx_word' id='word_1_334' title='bbox 845 3304 927 3354; x_wconf 88' lang='lat' dir='ltr'><strong>cordis</strong></span> <span class='ocrx_word' id='word_1_335' title='bbox 946 3305 986 3353; x_wconf 88' lang='lat' dir='ltr'><strong>sui</strong></span> <span class='ocrx_word' id='word_1_336' title='bbox 997 3341 1004 3362; x_wconf 93' lang='lat'>‚</span> <span class='ocrx_word' id='word_1_337' title='bbox 1015 3315 1060 3364; x_wconf 90' lang='lat' dir='ltr'><strong>per</strong></span> <span class='ocrx_word' id='word_1_338' title='bbox 1071 3303 1162 3352; x_wconf 86' lang='lat' dir='ltr'><strong>minis·</strong></span> 
     </span>
     <span class='ocr_line' id='line_1_43' title="bbox 95 3367 1161 3440; baseline -0.008 -13"><span class='ocrx_word' id='word_1_339' title='bbox 95 3379 164 3428; x_wconf 88' lang='lat' dir='ltr'><strong>teria</strong></span> <span class='ocrx_word' id='word_1_340' title='bbox 182 3374 374 3439; x_wconf 78' lang='lat' dir='ltr'><strong>apostolorum,</strong></span> <span class='ocrx_word' id='word_1_341' title='bbox 391 3381 537 3440; x_wconf 86' lang='lat' dir='ltr'><strong>pastorum,</strong></span> <span class='ocrx_word' id='word_1_342' title='bbox 552 3378 701 3437; x_wconf 88' lang='lat' dir='ltr'><strong>doctorum,</strong></span> <span class='ocrx_word' id='word_1_343' title='bbox 717 3381 765 3426; x_wconf 90' lang='lat' dir='ltr'><strong>etc.</strong></span> <span class='ocrx_word' id='word_1_344' title='bbox 780 3374 840 3438; x_wconf 84' lang='lat' dir='ltr'><strong>(qni</strong></span> <span class='ocrx_word' id='word_1_345' title='bbox 856 3378 917 3423; x_wconf 87' lang='lat' dir='ltr'><strong>sunt</strong></span> <span class='ocrx_word' id='word_1_346' title='bbox 931 3374 1003 3434; x_wconf 85' lang='lat' dir='ltr'><strong>quasi</strong></span> <span class='ocrx_word' id='word_1_347' title='bbox 1018 3367 1161 3433; x_wconf 83' lang='lat' dir='ltr'><strong>junctura)</strong></span> 
     </span>
     <span class='ocr_line' id='line_1_44' title="bbox 96 3439 1161 3509; baseline -0.008 -15"><span class='ocrx_word' id='word_1_348' title='bbox 96 3448 268 3507; x_wconf 87' lang='lat' dir='ltr'><strong>augmentum</strong></span> <span class='ocrx_word' id='word_1_349' title='bbox 285 3445 311 3493; x_wconf 93' lang='lat' dir='ltr'><strong>in</strong></span> <span class='ocrx_word' id='word_1_350' title='bbox 325 3445 373 3494; x_wconf 86' lang='lat' dir='ltr'><strong>ilde</strong></span> <span class='ocrx_word' id='word_1_351' title='bbox 392 3450 417 3494; x_wconf 93' lang='lat' dir='ltr'><strong>et</strong></span> <span class='ocrx_word' id='word_1_352' title='bbox 430 3448 522 3509; x_wconf 89' lang='lat' dir='ltr'><strong>pietate</strong></span> <span class='ocrx_word' id='word_1_353' title='bbox 532 3484 539 3506; x_wconf 94' lang='lat'><strong>,</strong></span> <span class='ocrx_word' id='word_1_354' title='bbox 549 3459 595 3508; x_wconf 88' lang='lat' dir='ltr'><strong>pro</strong></span> <span class='ocrx_word' id='word_1_355' title='bbox 608 3443 683 3494; x_wconf 88' lang='lat' dir='ltr'><strong>modo</strong></span> <span class='ocrx_word' id='word_1_356' title='bbox 697 3456 746 3504; x_wconf 84' lang='lat' dir='ltr'><strong>quo</strong></span> <span class='ocrx_word' id='word_1_357' title='bbox 757 3442 873 3504; x_wconf 85' lang='lat' dir='ltr'><strong>quodque</strong></span> <span class='ocrx_word' id='word_1_358' title='bbox 888 3440 1032 3490; x_wconf 90' lang='lat' dir='ltr'><strong>membrum</strong></span> <span class='ocrx_word' id='word_1_359' title='bbox 1051 3439 1161 3499; x_wconf 62' lang='lat' dir='ltr'><strong>indigem</strong></span> 
     </span>
     <span class='ocr_line' id='line_1_45' title="bbox 96 3505 1162 3581; baseline -0.011 -17"><span class='ocrx_word' id='word_1_360' title='bbox 96 3515 201 3579; x_wconf 86' lang='lat' dir='ltr'><strong>hocque</strong></span> <span class='ocrx_word' id='word_1_361' title='bbox 213 3519 378 3576; x_wconf 89' lang='lat' dir='ltr'><strong>augmentum</strong></span> <span class='ocrx_word' id='word_1_362' title='bbox 388 3515 418 3566; x_wconf 92' lang='lat' dir='ltr'><strong>tlt</strong></span> <span class='ocrx_word' id='word_1_363' title='bbox 427 3529 471 3581; x_wconf 91' lang='lat' dir='ltr'><strong>per</strong></span> <span class='ocrx_word' id='word_1_364' title='bbox 482 3516 713 3576; x_wconf 66' lang='lat' dir='ltr'><strong>charitatemque</strong></span> <span class='ocrx_word' id='word_1_365' title='bbox 724 3515 762 3562; x_wconf 85' lang='lat' dir='ltr'><strong>eet</strong></span> <span class='ocrx_word' id='word_1_366' title='bbox 772 3512 850 3573; x_wconf 78' lang='lat' dir='ltr'><strong>huius</strong></span> <span class='ocrx_word' id='word_1_367' title='bbox 861 3509 961 3573; x_wconf 78' lang='lat' dir='ltr'><strong>mystici</strong></span> <span class='ocrx_word' id='word_1_368' title='bbox 970 3510 1081 3572; x_wconf 90' lang='lat' dir='ltr'><strong>corporis</strong></span> <span class='ocrx_word' id='word_1_369' title='bbox 1091 3505 1162 3568; x_wconf 85' lang='lat' dir='ltr'><strong>quast</strong></span> 
     </span>
     <span class='ocr_line' id='line_1_46' title="bbox 96 3582 316 3635; baseline 0 -1"><span class='ocrx_word' id='word_1_370' title='bbox 96 3582 172 3634; x_wconf 88' lang='lat' dir='ltr'><strong>calor</strong></span> <span class='ocrx_word' id='word_1_371' title='bbox 182 3583 316 3635; x_wconf 85' lang='lat' dir='ltr'><strong>naturalis.</strong></span> 
     </span>
    </p>

    <p class='ocr_par' dir='ltr' id='par_1_19' title="bbox 129 3651 646 3713">
     <span class='ocr_line' id='line_1_47' title="bbox 129 3651 646 3713; baseline -0.008 -9"><span class='ocrx_word' id='word_1_372' title='bbox 129 3651 185 3704; x_wconf 80' lang='lat' dir='ltr'><strong>Hoc</strong></span> <span class='ocrx_word' id='word_1_373' title='bbox 195 3655 283 3703; x_wconf 86' lang='lat' dir='ltr'><strong>notato</strong></span> <span class='ocrx_word' id='word_1_374' title='bbox 294 3688 302 3713; x_wconf 90' lang='lat'><strong>,</strong></span> <span class='ocrx_word' id='word_1_375' title='bbox 312 3651 463 3704; x_wconf 83' lang='lat' dir='ltr'><strong>accedamus</strong></span> <span class='ocrx_word' id='word_1_376' title='bbox 477 3655 510 3704; x_wconf 83' lang='lat' dir='ltr'><strong>ad</strong></span> <span class='ocrx_word' id='word_1_377' title='bbox 526 3654 646 3703; x_wconf 89' lang='lat' dir='ltr'><strong>litteram.</strong></span> 
     </span>
    </p>
   </div>
   <div class='ocr_carea' id='block_1_10' title="bbox 128 3726 795 3862">
    <p class='ocr_par' dir='ltr' id='par_1_20' title="bbox 128 3726 795 3862">
     <span class='ocr_line' id='line_1_48' title="bbox 128 3726 795 3795; baseline 0.003 -20"><span class='ocrx_word' id='word_1_378' title='bbox 128 3726 171 3785; x_wconf 75' lang='lat' dir='ltr'><strong>lic</strong></span> <span class='ocrx_word' id='word_1_379' title='bbox 186 3739 252 3789; x_wconf 77' lang='lat' dir='ltr'><strong>qao,</strong></span> <span class='ocrx_word' id='word_1_380' title='bbox 269 3726 351 3788; x_wconf 88' lang='lat' dir='ltr'><strong>capite</strong></span> <span class='ocrx_word' id='word_1_381' title='bbox 368 3727 465 3780; x_wconf 88' lang='lat' dir='ltr'><strong>scilicet</strong></span> <span class='ocrx_word' id='word_1_382' title='bbox 481 3728 591 3779; x_wconf 83' lang='lat' dir='ltr'><strong>Christo.</strong></span> <span class='ocrx_word' id='word_1_383' title='bbox 780 3768 795 3795; x_wconf 72' lang='grc'>,</span> 
     </span>
     <span class='ocr_line' id='line_1_49' title="bbox 133 3801 480 3862; baseline 0.009 -12"><span class='ocrx_word' id='word_1_384' title='bbox 133 3801 226 3850; x_wconf 77' lang='lat' dir='ltr'><strong>Totam</strong></span> <span class='ocrx_word' id='word_1_385' title='bbox 240 3813 347 3862; x_wconf 81' lang='lat' dir='ltr'><strong>corpus,</strong></span> <span class='ocrx_word' id='word_1_386' title='bbox 356 3801 480 3853; x_wconf 76' lang='lat' dir='ltr'><strong>Ecclesiae.</strong></span> 
     </span>
    </p>
   </div>
   <div class='ocr_carea' id='block_1_11' title="bbox 96 3856 1162 4009">
    <p class='ocr_par' dir='ltr' id='par_1_21' title="bbox 96 3856 1162 4009">
     <span class='ocr_line' id='line_1_50' title="bbox 130 3856 1162 3939; baseline -0.022 -12"><span class='ocrx_word' id='word_1_387' title='bbox 130 3876 314 3939; x_wconf 80' lang='lat' dir='ltr'><strong>Compasium,</strong></span> <span class='ocrx_word' id='word_1_388' title='bbox 334 3874 361 3923; x_wconf 90' lang='lat' dir='ltr'><strong>id</strong></span> <span class='ocrx_word' id='word_1_389' title='bbox 378 3880 430 3936; x_wconf 86' lang='lat' dir='ltr'><strong>est,</strong></span> <span class='ocrx_word' id='word_1_390' title='bbox 447 3875 514 3938; x_wconf 86' lang='lat' dir='ltr'><strong>quod</strong></span> <span class='ocrx_word' id='word_1_391' title='bbox 530 3873 691 3935; x_wconf 89' lang='lat' dir='ltr'><strong>compactum</strong></span> <span class='ocrx_word' id='word_1_392' title='bbox 708 3872 733 3920; x_wconf 89' lang='lat' dir='ltr'><strong>oi</strong></span> <span class='ocrx_word' id='word_1_393' title='bbox 750 3868 953 3930; x_wconf 89' lang='lat' dir='ltr'><strong>coagmentatum</strong></span> <span class='ocrx_word' id='word_1_394' title='bbox 965 3856 1016 3922; x_wconf 87' lang='lat' dir='ltr'><strong>est,</strong></span> <span class='ocrx_word' id='word_1_395' title='bbox 1033 3868 1076 3908; x_wconf 83' lang='lat' dir='ltr'><strong>seu</strong></span> <span class='ocrx_word' id='word_1_396' title='bbox 1086 3857 1162 3914; x_wconf 85' lang='lat' dir='ltr'><strong>cujus</strong></span> 
     </span>
     <span class='ocr_line' id='line_1_51' title="bbox 96 3936 1044 4009; baseline -0.018 -12"><span class='ocrx_word' id='word_1_397' title='bbox 96 3943 200 4009; x_wconf 83' lang='lat' dir='ltr'><strong>singula</strong></span> <span class='ocrx_word' id='word_1_398' title='bbox 209 3942 325 3996; x_wconf 87' lang='lat' dir='ltr'><strong>membra</strong></span> <span class='ocrx_word' id='word_1_399' title='bbox 335 3949 397 3998; x_wconf 86' lang='lat' dir='ltr'><strong>suut</strong></span> <span class='ocrx_word' id='word_1_400' title='bbox 409 3957 456 3997; x_wconf 85' lang='lat' dir='ltr'><strong>suo</strong></span> <span class='ocrx_word' id='word_1_401' title='bbox 468 3944 524 3996; x_wconf 88' lang='lat' dir='ltr'><strong>ioco</strong></span> <span class='ocrx_word' id='word_1_402' title='bbox 536 3939 659 3994; x_wconf 77' lang='lat' dir='ltr'><strong>cellmata</strong></span> <span class='ocrx_word' id='word_1_403' title='bbox 670 3942 696 3990; x_wconf 90' lang='lat' dir='ltr'><strong>et</strong></span> <span class='ocrx_word' id='word_1_404' title='bbox 708 3936 785 4001; x_wconf 89' lang='lat' dir='ltr'><strong>simul</strong></span> <span class='ocrx_word' id='word_1_405' title='bbox 797 3946 919 3989; x_wconf 76' lang='lat' dir='ltr'><strong>connexa.</strong></span> <span class='ocrx_word' id='word_1_406' title='bbox 1040 3943 1044 3950; x_wconf 76' lang='grc'>’</span> 
     </span>
    </p>
   </div>
   <div class='ocr_carea' id='block_1_12' title="bbox 0 0 1260 4424">
    <p class='ocr_par' dir='ltr' id='par_1_22' title="bbox 0 0 1260 4424">
     <span class='ocr_line' id='line_1_52' title="bbox 0 0 1260 4424; baseline 0 1"><span class='ocrx_word' id='word_1_407' title='bbox 0 0 1260 4424; x_wconf 95' lang='lat' dir='ltr'><strong> </strong></span> 
     </span>
    </p>
   </div>
  </div>
 </body>
</html>
