<?xml version="1.0" encoding="UTF-8"?>
<!DOCTYPE html PUBLIC "-//W3C//DTD XHTML 1.0 Transitional//EN"
    "http://www.w3.org/TR/xhtml1/DTD/xhtml1-transitional.dtd">
<html xmlns="http://www.w3.org/1999/xhtml" xml:lang="en" lang="en">
 <head>
  <title>
</title>
<meta http-equiv="Content-Type" content="text/html;charset=utf-8" />
  <meta name='ocr-system' content='tesseract 3.04.00' />
  <meta name='ocr-capabilities' content='ocr_page ocr_carea ocr_par ocr_line ocrx_word'/>
</head>
<body>
  <div class='ocr_page' id='page_1' title='image "./epistolarumbpau01berngoog/epistolarumbpau01berngoog_0220.png"; bbox 0 0 2512 4424; ppageno 0'>
   <div class='ocr_carea' id='block_1_1' title="bbox 336 274 1155 343">
    <p class='ocr_par' dir='ltr' id='par_1_1' title="bbox 336 274 1155 343">
     <span class='ocr_line' id='line_1_1' title="bbox 336 274 1155 343; baseline 0.001 -5"><span class='ocrx_word' id='word_1_1' title='bbox 336 278 504 341; x_wconf 76' lang='lat' dir='ltr'><strong>sarrana</strong></span> <span class='ocrx_word' id='word_1_2' title='bbox 519 274 747 342; x_wconf 75' lang='lat' dir='ltr'><strong>silosrtrd.</strong></span> <span class='ocrx_word' id='word_1_3' title='bbox 766 281 848 343; x_wconf 78' lang='lat' dir='ltr'><strong>tau.</strong></span> <span class='ocrx_word' id='word_1_4' title='bbox 866 284 923 342; x_wconf 87' lang='lat' dir='ltr'><strong>rii.</strong></span> <span class='ocrx_word' id='word_1_5' title='bbox 1105 286 1155 339; x_wconf 78' lang='lat' dir='ltr'><strong>aar</strong></span> 
     </span>
    </p>
   </div>
   <div class='ocr_carea' id='block_1_2' title="bbox 100 379 1198 1121">
    <p class='ocr_par' dir='ltr' id='par_1_2' title="bbox 100 379 1198 1121">
     <span class='ocr_line' id='line_1_2' title="bbox 588 379 1159 446; baseline 0.004 -17"><span class='ocrx_word' id='word_1_6' title='bbox 588 380 767 444; x_wconf 70' lang='lat' dir='ltr'><strong>subintellige,</strong></span> <span class='ocrx_word' id='word_1_7' title='bbox 787 385 921 446; x_wconf 90' lang='lat' dir='ltr'><strong>promissio</strong></span> <span class='ocrx_word' id='word_1_8' title='bbox 938 380 999 433; x_wconf 82' lang='lat' dir='ltr'><strong>rard</strong></span> <span class='ocrx_word' id='word_1_9' title='bbox 1018 388 1063 443; x_wconf 81' lang='lat' dir='ltr'><strong>per</strong></span> <span class='ocrx_word' id='word_1_10' title='bbox 1078 379 1159 431; x_wconf 76' lang='lat' dir='ltr'><strong>Deum</strong></span> 
     </span>
     <span class='ocr_line' id='line_1_3' title="bbox 559 447 732 509; baseline 0.023 -14"><span class='ocrx_word' id='word_1_11' title='bbox 559 447 732 509; x_wconf 70' lang='lat' dir='ltr'><strong>ipsumIseta.</strong></span> 
     </span>
     <span class='ocr_line' id='line_1_4' title="bbox 100 514 1160 580; baseline -0.003 -14"><span class='ocrx_word' id='word_1_12' title='bbox 100 517 130 569; x_wconf 89' lang='lat' dir='ltr'><strong>ln</strong></span> <span class='ocrx_word' id='word_1_13' title='bbox 139 528 226 572; x_wconf 81' lang='lat' dir='ltr'><strong>manu</strong></span> <span class='ocrx_word' id='word_1_14' title='bbox 238 516 408 573; x_wconf 79' lang='lat' dir='ltr'><strong>mediatoris,</strong></span> <span class='ocrx_word' id='word_1_15' title='bbox 587 514 638 564; x_wconf 83' lang='lat' dir='ltr'><strong>Lex</strong></span> <span class='ocrx_word' id='word_1_16' title='bbox 648 517 791 566; x_wconf 73' lang='lat' dir='ltr'><strong>minIsterto</strong></span> <span class='ocrx_word' id='word_1_17' title='bbox 799 516 893 580; x_wconf 82' lang='lat' dir='ltr'><strong>lioysis</strong></span> <span class='ocrx_word' id='word_1_18' title='bbox 901 516 1047 567; x_wconf 84' lang='lat' dir='ltr'><strong>mediatoris</strong></span> <span class='ocrx_word' id='word_1_19' title='bbox 1055 551 1063 575; x_wconf 86' lang='lat'><strong>,</strong></span> <span class='ocrx_word' id='word_1_20' title='bbox 1072 519 1097 564; x_wconf 83' lang='lat' dir='ltr'><strong>et</strong></span> <span class='ocrx_word' id='word_1_21' title='bbox 1106 525 1160 564; x_wconf 84' lang='lat' dir='ltr'><strong>sese</strong></span> 
     </span>
     <span class='ocr_line' id='line_1_5' title="bbox 558 582 1198 647; baseline 0.003 -15"><span class='ocrx_word' id='word_1_22' title='bbox 558 586 629 645; x_wconf 82' lang='lat' dir='ltr'><strong>quasi</strong></span> <span class='ocrx_word' id='word_1_23' title='bbox 647 584 761 634; x_wconf 90' lang='lat' dir='ltr'><strong>medium</strong></span> <span class='ocrx_word' id='word_1_24' title='bbox 779 587 846 634; x_wconf 88' lang='lat' dir='ltr'><strong>iuter</strong></span> <span class='ocrx_word' id='word_1_25' title='bbox 860 586 941 635; x_wconf 87' lang='lat' dir='ltr'><strong>ileum</strong></span> <span class='ocrx_word' id='word_1_26' title='bbox 953 582 1112 647; x_wconf 87' lang='lat' dir='ltr'><strong>etpopuluru</strong></span> <span class='ocrx_word' id='word_1_27' title='bbox 1124 584 1161 634; x_wconf 87' lang='lat' dir='ltr'><strong>ls-</strong></span> <span class='ocrx_word' id='word_1_28' title='bbox 1194 613 1198 619; x_wconf 90' lang='lat'><strong>·</strong></span> 
     </span>
     <span class='ocr_line' id='line_1_6' title="bbox 559 652 1161 717; baseline -0.005 -15"><span class='ocrx_word' id='word_1_29' title='bbox 559 652 702 702; x_wconf 83' lang='lat' dir='ltr'><strong>raeliticum</strong></span> <span class='ocrx_word' id='word_1_30' title='bbox 723 654 925 717; x_wconf 71' lang='lat' dir='ltr'><strong>interponentis,</strong></span> <span class='ocrx_word' id='word_1_31' title='bbox 947 656 973 702; x_wconf 87' lang='lat' dir='ltr'><strong>et</strong></span> <span class='ocrx_word' id='word_1_32' title='bbox 988 652 1060 713; x_wconf 88' lang='lat' dir='ltr'><strong>quasi</strong></span> <span class='ocrx_word' id='word_1_33' title='bbox 1079 653 1161 713; x_wconf 85' lang='lat' dir='ltr'><strong>stipu-</strong></span> 
     </span>
     <span class='ocr_line' id='line_1_7' title="bbox 558 718 1160 853; baseline -0.003 -14"><span class='ocrx_word' id='word_1_34' title='bbox 558 718 770 851; x_wconf 49' lang='lat' dir='ltr'><strong>lmgriisinteilige,</strong></span> <span class='ocrx_word' id='word_1_35' title='bbox 793 790 928 853; x_wconf 74' lang='lat' dir='ltr'><strong>promissio</strong></span> <span class='ocrx_word' id='word_1_36' title='bbox 951 791 1038 839; x_wconf 87' lang='lat' dir='ltr'><strong>autem</strong></span> <span class='ocrx_word' id='word_1_37' title='bbox 1067 790 1160 837; x_wconf 85' lang='lat' dir='ltr'><strong>imme·</strong></span> 
     </span>
     <span class='ocr_line' id='line_1_8' title="bbox 559 856 1160 921; baseline -0.002 -14"><span class='ocrx_word' id='word_1_38' title='bbox 559 856 625 909; x_wconf 80' lang='lat' dir='ltr'><strong>urata</strong></span> <span class='ocrx_word' id='word_1_39' title='bbox 646 872 691 921; x_wconf 90' lang='lat' dir='ltr'><strong>per</strong></span> <span class='ocrx_word' id='word_1_40' title='bbox 708 859 789 908; x_wconf 86' lang='lat' dir='ltr'><strong>boum</strong></span> <span class='ocrx_word' id='word_1_41' title='bbox 810 858 911 917; x_wconf 90' lang='lat' dir='ltr'><strong>solum,</strong></span> <span class='ocrx_word' id='word_1_42' title='bbox 932 856 1047 907; x_wconf 77' lang='lat' dir='ltr'><strong>absolute</strong></span> <span class='ocrx_word' id='word_1_43' title='bbox 1061 860 1087 906; x_wconf 90' lang='lat' dir='ltr'><strong>et</strong></span> <span class='ocrx_word' id='word_1_44' title='bbox 1103 859 1160 906; x_wconf 84' lang='lat' dir='ltr'><strong>sine</strong></span> 
     </span>
     <span class='ocr_line' id='line_1_9' title="bbox 559 925 1160 989; baseline 0.003 -16"><span class='ocrx_word' id='word_1_45' title='bbox 559 925 611 976; x_wconf 77' lang='lat' dir='ltr'><strong>iulii</strong></span> <span class='ocrx_word' id='word_1_46' title='bbox 620 927 765 977; x_wconf 88' lang='lat' dir='ltr'><strong>conditione</strong></span> <span class='ocrx_word' id='word_1_47' title='bbox 775 929 820 976; x_wconf 90' lang='lat' dir='ltr'><strong>aut</strong></span> <span class='ocrx_word' id='word_1_48' title='bbox 831 925 994 989; x_wconf 75' lang='lat' dir='ltr'><strong>stipulatione</strong></span> <span class='ocrx_word' id='word_1_49' title='bbox 1003 961 1010 985; x_wconf 92' lang='lat'><strong>,</strong></span> <span class='ocrx_word' id='word_1_50' title='bbox 1019 927 1079 987; x_wconf 84' lang='lat' dir='ltr'><strong>qula</strong></span> <span class='ocrx_word' id='word_1_51' title='bbox 1089 925 1160 975; x_wconf 76' lang='lat' dir='ltr'><strong>meri</strong></span> 
     </span>
     <span class='ocr_line' id='line_1_10' title="bbox 131 997 1159 1121; baseline 0 -14"><span class='ocrx_word' id='word_1_52' title='bbox 131 1053 177 1107; x_wconf 72' lang='lat'><strong>20.</strong></span> <span class='ocrx_word' id='word_1_53' title='bbox 191 1052 324 1108; x_wconf 77' lang='lat' dir='ltr'><strong>liediator</strong></span> <span class='ocrx_word' id='word_1_54' title='bbox 345 1060 438 1112; x_wconf 86' lang='lat' dir='ltr'><strong>autem</strong></span> <span class='ocrx_word' id='word_1_55' title='bbox 453 1059 537 1113; x_wconf 85' lang='lat' dir='ltr'><strong>unius</strong></span> <span class='ocrx_word' id='word_1_56' title='bbox 559 997 710 1112; x_wconf 48' lang='grc' dir='ltr'><strong>ἑζηίἒιιιιιιίῐιὲῐοι</strong></span> <span class='ocrx_word' id='word_1_57' title='bbox 734 1074 787 1112; x_wconf 86' lang='lat' dir='ltr'><strong>non</strong></span> <span class='ocrx_word' id='word_1_58' title='bbox 811 1064 849 1111; x_wconf 84' lang='lat' dir='ltr'><strong>est</strong></span> <span class='ocrx_word' id='word_1_59' title='bbox 876 1063 971 1121; x_wconf 89' lang='lat' dir='ltr'><strong>unius,</strong></span> <span class='ocrx_word' id='word_1_60' title='bbox 999 1057 1043 1109; x_wconf 91' lang='lat' dir='ltr'><strong>sed</strong></span> <span class='ocrx_word' id='word_1_61' title='bbox 1069 1059 1159 1109; x_wconf 81' lang='lat' dir='ltr'><strong>saitem</strong></span> 
     </span>
    </p>
   </div>
   <div class='ocr_carea' id='block_1_3' title="bbox 101 1128 1161 1466">
    <p class='ocr_par' dir='ltr' id='par_1_3' title="bbox 102 1128 1160 1318">
     <span class='ocr_line' id='line_1_11' title="bbox 102 1128 1160 1195; baseline -0.005 -13"><span class='ocrx_word' id='word_1_62' title='bbox 102 1145 154 1184; x_wconf 90' lang='lat' dir='ltr'><strong>non</strong></span> <span class='ocrx_word' id='word_1_63' title='bbox 168 1138 228 1195; x_wconf 88' lang='lat' dir='ltr'><strong>est;</strong></span> <span class='ocrx_word' id='word_1_64' title='bbox 560 1131 706 1181; x_wconf 87' lang='lat' dir='ltr'><strong>duorumet</strong></span> <span class='ocrx_word' id='word_1_65' title='bbox 720 1131 824 1193; x_wconf 84' lang='lat' dir='ltr'><strong>quidem</strong></span> <span class='ocrx_word' id='word_1_66' title='bbox 836 1130 1030 1188; x_wconf 86' lang='lat' dir='ltr'><strong>dissidentium,</strong></span> <span class='ocrx_word' id='word_1_67' title='bbox 1048 1128 1160 1190; x_wconf 78' lang='lat' dir='ltr'><strong>hincque</strong></span> 
     </span>
     <span class='ocr_line' id='line_1_12' title="bbox 221 1196 1160 1250; baseline -0.011 4"><span class='ocrx_word' id='word_1_68' title='bbox 221 1202 225 1208; x_wconf 83' lang='grc'><strong>’</strong></span> <span class='ocrx_word' id='word_1_69' title='bbox 561 1199 632 1250; x_wconf 77' lang='lat' dir='ltr'><strong>laelii</strong></span> <span class='ocrx_word' id='word_1_70' title='bbox 652 1199 814 1249; x_wconf 89' lang='lat' dir='ltr'><strong>mutabilium</strong></span> <span class='ocrx_word' id='word_1_71' title='bbox 833 1199 866 1248; x_wconf 93' lang='lat' dir='ltr'><strong>ob</strong></span> <span class='ocrx_word' id='word_1_72' title='bbox 887 1200 965 1247; x_wconf 90' lang='lat' dir='ltr'><strong>unlus</strong></span> <span class='ocrx_word' id='word_1_73' title='bbox 984 1202 1030 1246; x_wconf 84' lang='lat' dir='ltr'><strong>aut</strong></span> <span class='ocrx_word' id='word_1_74' title='bbox 1055 1196 1160 1246; x_wconf 86' lang='lat' dir='ltr'><strong>alterius</strong></span> 
     </span>
     <span class='ocr_line' id='line_1_13' title="bbox 560 1265 1160 1318; baseline -0.008 0"><span class='ocrx_word' id='word_1_75' title='bbox 560 1271 751 1318; x_wconf 74' lang='lat' dir='ltr'><strong>mutationem:</strong></span> <span class='ocrx_word' id='word_1_76' title='bbox 775 1271 801 1318; x_wconf 91' lang='lat' dir='ltr'><strong>et</strong></span> <span class='ocrx_word' id='word_1_77' title='bbox 820 1268 881 1317; x_wconf 90' lang='lat' dir='ltr'><strong>bine</strong></span> <span class='ocrx_word' id='word_1_78' title='bbox 897 1270 1001 1316; x_wconf 85' lang='lat' dir='ltr'><strong>notatur</strong></span> <span class='ocrx_word' id='word_1_79' title='bbox 1017 1265 1056 1314; x_wconf 84' lang='lat' dir='ltr'><strong>lex</strong></span> <span class='ocrx_word' id='word_1_80' title='bbox 1073 1269 1160 1314; x_wconf 89' lang='lat' dir='ltr'><strong>mutu·</strong></span> 
     </span>
    </p>

    <p class='ocr_par' dir='ltr' id='par_1_4' title="bbox 101 1335 1161 1466">
     <span class='ocr_line' id='line_1_14' title="bbox 561 1335 821 1386; baseline -0.004 -1"><span class='ocrx_word' id='word_1_81' title='bbox 561 1336 619 1386; x_wconf 89' lang='lat' dir='ltr'><strong>bilis</strong></span> <span class='ocrx_word' id='word_1_82' title='bbox 632 1340 657 1384; x_wconf 92' lang='lat' dir='ltr'><strong>et</strong></span> <span class='ocrx_word' id='word_1_83' title='bbox 669 1335 821 1385; x_wconf 85' lang='lat' dir='ltr'><strong>revocanda.</strong></span> 
     </span>
     <span class='ocr_line' id='line_1_15' title="bbox 101 1393 1161 1466; baseline 0.004 -19"><span class='ocrx_word' id='word_1_84' title='bbox 101 1393 172 1448; x_wconf 80' lang='lat' dir='ltr'><strong>Deus</strong></span> <span class='ocrx_word' id='word_1_85' title='bbox 185 1402 279 1449; x_wconf 86' lang='lat' dir='ltr'><strong>autem</strong></span> <span class='ocrx_word' id='word_1_86' title='bbox 290 1406 426 1454; x_wconf 85' lang='lat' dir='ltr'><strong>nnusest.</strong></span> <span class='ocrx_word' id='word_1_87' title='bbox 592 1404 657 1453; x_wconf 81' lang='lat' dir='ltr'><strong>beris</strong></span> <span class='ocrx_word' id='word_1_88' title='bbox 672 1410 759 1453; x_wconf 85' lang='lat' dir='ltr'><strong>autem</strong></span> <span class='ocrx_word' id='word_1_89' title='bbox 779 1404 952 1466; x_wconf 87' lang='lat' dir='ltr'><strong>promissionis</strong></span> <span class='ocrx_word' id='word_1_90' title='bbox 967 1405 1069 1463; x_wconf 87' lang='lat' dir='ltr'><strong>auctor,</strong></span> <span class='ocrx_word' id='word_1_91' title='bbox 1092 1413 1161 1451; x_wconf 87' lang='lat' dir='ltr'><strong>unns</strong></span> 
     </span>
    </p>
   </div>
   <div class='ocr_carea' id='block_1_4' title="bbox 99 1471 1161 1588">
    <p class='ocr_par' dir='ltr' id='par_1_5' title="bbox 99 1471 1161 1588">
     <span class='ocr_line' id='line_1_16' title="bbox 562 1471 1161 1537; baseline -0.003 -15"><span class='ocrx_word' id='word_1_92' title='bbox 562 1476 619 1534; x_wconf 91' lang='lat' dir='ltr'><strong>est,</strong></span> <span class='ocrx_word' id='word_1_93' title='bbox 645 1485 743 1537; x_wconf 86' lang='lat' dir='ltr'><strong>semper</strong></span> <span class='ocrx_word' id='word_1_94' title='bbox 760 1474 827 1522; x_wconf 89' lang='lat' dir='ltr'><strong>idem</strong></span> <span class='ocrx_word' id='word_1_95' title='bbox 847 1477 872 1522; x_wconf 92' lang='lat' dir='ltr'><strong>et</strong></span> <span class='ocrx_word' id='word_1_96' title='bbox 894 1472 1060 1522; x_wconf 87' lang='lat' dir='ltr'><strong>immutabilis</strong></span> <span class='ocrx_word' id='word_1_97' title='bbox 1077 1471 1161 1521; x_wconf 78' lang='lat' dir='ltr'><strong>cirine</strong></span> 
     </span>
     <span class='ocr_line' id='line_1_17' title="bbox 99 1561 1159 1588; baseline -0.002 -14"><span class='ocrx_word' id='word_1_98' title='bbox 99 1561 1159 1588; x_wconf 49' lang='grc' dir='ltr'><strong>Ἢ-</strong></span> 
     </span>
    </p>
   </div>
   <div class='ocr_carea' id='block_1_5' title="bbox 97 1627 1162 2536">
    <p class='ocr_par' dir='ltr' id='par_1_6' title="bbox 99 1627 1161 1900">
     <span class='ocr_line' id='line_1_18' title="bbox 126 1627 1161 1704; baseline 0.014 -27"><span class='ocrx_word' id='word_1_99' title='bbox 126 1627 251 1680; x_wconf 76' lang='lat' dir='ltr'><strong>Existimo</strong></span> <span class='ocrx_word' id='word_1_100' title='bbox 265 1635 352 1682; x_wconf 86' lang='lat' dir='ltr'><strong>autem</strong></span> <span class='ocrx_word' id='word_1_101' title='bbox 365 1634 432 1694; x_wconf 83' lang='lat' dir='ltr'><strong>quid</strong></span> <span class='ocrx_word' id='word_1_102' title='bbox 444 1634 477 1684; x_wconf 89' lang='lat' dir='ltr'><strong>ad</strong></span> <span class='ocrx_word' id='word_1_103' title='bbox 491 1634 627 1698; x_wconf 86' lang='lat' dir='ltr'><strong>perlectam</strong></span> <span class='ocrx_word' id='word_1_104' title='bbox 645 1639 787 1700; x_wconf 84' lang='lat' dir='ltr'><strong>apostolicae</strong></span> <span class='ocrx_word' id='word_1_105' title='bbox 805 1643 898 1702; x_wconf 83' lang='lat' dir='ltr'><strong>urentis</strong></span> <span class='ocrx_word' id='word_1_106' title='bbox 915 1640 1105 1704; x_wconf 79' lang='lat' dir='ltr'><strong>intelligentiam</strong></span> <span class='ocrx_word' id='word_1_107' title='bbox 1117 1640 1161 1691; x_wconf 90' lang='lat' dir='ltr'><strong>de·</strong></span> 
     </span>
     <span class='ocr_line' id='line_1_19' title="bbox 100 1696 1159 1769; baseline 0.012 -23"><span class='ocrx_word' id='word_1_108' title='bbox 100 1696 173 1747; x_wconf 78' lang='lat' dir='ltr'><strong>boum</strong></span> <span class='ocrx_word' id='word_1_109' title='bbox 187 1698 343 1763; x_wconf 74' lang='lat' dir='ltr'><strong>subintelligi</strong></span> <span class='ocrx_word' id='word_1_110' title='bbox 354 1706 527 1765; x_wconf 81' lang='lat' dir='ltr'><strong>promissionis</strong></span> <span class='ocrx_word' id='word_1_111' title='bbox 540 1707 692 1757; x_wconf 75' lang='lat' dir='ltr'><strong>excelientia</strong></span> <span class='ocrx_word' id='word_1_112' title='bbox 702 1743 709 1766; x_wconf 92' lang='lat'><strong>,</strong></span> <span class='ocrx_word' id='word_1_113' title='bbox 721 1707 781 1769; x_wconf 79' lang='lat' dir='ltr'><strong>legis</strong></span> <span class='ocrx_word' id='word_1_114' title='bbox 790 1708 1006 1769; x_wconf 80' lang='lat' dir='ltr'><strong>singularitatibus</strong></span> <span class='ocrx_word' id='word_1_115' title='bbox 1016 1723 1060 1759; x_wconf 91' lang='lat' dir='ltr'><strong>seu</strong></span> <span class='ocrx_word' id='word_1_116' title='bbox 1078 1710 1159 1759; x_wconf 80' lang='lat' dir='ltr'><strong>excel·</strong></span> 
     </span>
     <span class='ocr_line' id='line_1_20' title="bbox 99 1766 1161 1900; baseline 0.013 -84"><span class='ocrx_word' id='word_1_117' title='bbox 99 1766 330 1900; x_wconf 46' lang='lat' dir='ltr'><strong>ffliisaggposiae,</strong></span> <span class='ocrx_word' id='word_1_118' title='bbox 342 1775 367 1821; x_wconf 90' lang='lat' dir='ltr'><strong>et</strong></span> <span class='ocrx_word' id='word_1_119' title='bbox 378 1775 533 1836; x_wconf 85' lang='lat' dir='ltr'><strong>superiores,</strong></span> <span class='ocrx_word' id='word_1_120' title='bbox 544 1780 573 1824; x_wconf 86' lang='lat' dir='ltr'><strong>at</strong></span> <span class='ocrx_word' id='word_1_121' title='bbox 588 1777 616 1824; x_wconf 95' lang='lat' dir='ltr'><strong>in</strong></span> <span class='ocrx_word' id='word_1_122' title='bbox 626 1775 773 1840; x_wconf 80' lang='lat' dir='ltr'><strong>paraphrasi</strong></span> <span class='ocrx_word' id='word_1_123' title='bbox 791 1788 910 1840; x_wconf 77' lang='lat' dir='ltr'><strong>expresso</strong></span> <span class='ocrx_word' id='word_1_124' title='bbox 921 1781 998 1839; x_wconf 87' lang='lat' dir='ltr'><strong>sunt,</strong></span> <span class='ocrx_word' id='word_1_125' title='bbox 1009 1783 1034 1828; x_wconf 91' lang='lat' dir='ltr'><strong>et</strong></span> <span class='ocrx_word' id='word_1_126' title='bbox 1045 1782 1073 1829; x_wconf 92' lang='lat' dir='ltr'><strong>ut</strong></span> <span class='ocrx_word' id='word_1_127' title='bbox 1080 1778 1161 1830; x_wconf 83' lang='lat' dir='ltr'><strong>iusids</strong></span> 
     </span>
    </p>

    <p class='ocr_par' dir='ltr' id='par_1_7' title="bbox 161 1852 496 1896">
     <span class='ocr_line' id='line_1_21' title="bbox 161 1852 496 1896; baseline 0.009 -8"><span class='ocrx_word' id='word_1_128' title='bbox 161 1852 176 1888; x_wconf 89' lang='lat' dir='ltr'><strong>e</strong></span> <span class='ocrx_word' id='word_1_129' title='bbox 242 1852 269 1889; x_wconf 92' lang='lat' dir='ltr'><strong>u.</strong></span> <span class='ocrx_word' id='word_1_130' title='bbox 314 1875 321 1890; x_wconf 93' lang='lat'>.</span> <span class='ocrx_word' id='word_1_131' title='bbox 487 1883 496 1896; x_wconf 84' lang='grc'>,</span> 
     </span>
    </p>

    <p class='ocr_par' dir='ltr' id='par_1_8' title="bbox 98 1913 1161 2173">
     <span class='ocr_line' id='line_1_22' title="bbox 129 1913 1160 1984; baseline 0.012 -22"><span class='ocrx_word' id='word_1_132' title='bbox 129 1913 254 1963; x_wconf 61' lang='lat' dir='ltr'><strong>ordinae</strong></span> <span class='ocrx_word' id='word_1_133' title='bbox 267 1927 313 1977; x_wconf 83' lang='lat' dir='ltr'><strong>per</strong></span> <span class='ocrx_word' id='word_1_134' title='bbox 324 1915 440 1978; x_wconf 77' lang='lat' dir='ltr'><strong>sepcies,</strong></span> <span class='ocrx_word' id='word_1_135' title='bbox 452 1917 479 1967; x_wconf 92' lang='lat' dir='ltr'><strong>id</strong></span> <span class='ocrx_word' id='word_1_136' title='bbox 494 1921 531 1967; x_wconf 89' lang='lat' dir='ltr'><strong>est</strong></span> <span class='ocrx_word' id='word_1_137' title='bbox 541 1955 548 1979; x_wconf 91' lang='lat'><strong>,</strong></span> <span class='ocrx_word' id='word_1_138' title='bbox 558 1921 714 1981; x_wconf 88' lang='lat' dir='ltr'><strong>ministrata,</strong></span> <span class='ocrx_word' id='word_1_139' title='bbox 727 1920 814 1969; x_wconf 87' lang='lat' dir='ltr'><strong>ordine</strong></span> <span class='ocrx_word' id='word_1_140' title='bbox 830 1920 923 1970; x_wconf 86' lang='lat' dir='ltr'><strong>dictata</strong></span> <span class='ocrx_word' id='word_1_141' title='bbox 938 1934 983 1984; x_wconf 90' lang='lat' dir='ltr'><strong>per</strong></span> <span class='ocrx_word' id='word_1_142' title='bbox 999 1927 1099 1974; x_wconf 89' lang='lat' dir='ltr'><strong>sanctos</strong></span> <span class='ocrx_word' id='word_1_143' title='bbox 1112 1936 1160 1974; x_wconf 89' lang='lat' dir='ltr'><strong>an-</strong></span> 
     </span>
     <span class='ocr_line' id='line_1_23' title="bbox 98 1980 1161 2053; baseline 0.013 -23"><span class='ocrx_word' id='word_1_144' title='bbox 98 1980 180 2043; x_wconf 75' lang='lat' dir='ltr'><strong>gelos,</strong></span> <span class='ocrx_word' id='word_1_145' title='bbox 194 1981 239 2032; x_wconf 86' lang='lat' dir='ltr'><strong>liei</strong></span> <span class='ocrx_word' id='word_1_146' title='bbox 250 1985 354 2034; x_wconf 92' lang='lat' dir='ltr'><strong>nuntios</strong></span> <span class='ocrx_word' id='word_1_147' title='bbox 363 1989 388 2034; x_wconf 88' lang='lat' dir='ltr'><strong>et</strong></span> <span class='ocrx_word' id='word_1_148' title='bbox 402 1988 546 2049; x_wconf 89' lang='lat' dir='ltr'><strong>ministros,</strong></span> <span class='ocrx_word' id='word_1_149' title='bbox 555 2001 663 2050; x_wconf 83' lang='lat' dir='ltr'><strong>quorum</strong></span> <span class='ocrx_word' id='word_1_150' title='bbox 676 2002 743 2039; x_wconf 91' lang='lat' dir='ltr'><strong>unus</strong></span> <span class='ocrx_word' id='word_1_151' title='bbox 755 1989 798 2039; x_wconf 87' lang='lat' dir='ltr'><strong>liei</strong></span> <span class='ocrx_word' id='word_1_152' title='bbox 811 2003 945 2053; x_wconf 90' lang='lat' dir='ltr'><strong>personam</strong></span> <span class='ocrx_word' id='word_1_153' title='bbox 955 1992 1071 2052; x_wconf 84' lang='lat' dir='ltr'><strong>gerebat,</strong></span> <span class='ocrx_word' id='word_1_154' title='bbox 1081 1996 1107 2043; x_wconf 87' lang='lat' dir='ltr'><strong>et</strong></span> <span class='ocrx_word' id='word_1_155' title='bbox 1117 1992 1161 2043; x_wconf 85' lang='lat' dir='ltr'><strong>liet</strong></span> 
     </span>
     <span class='ocr_line' id='line_1_24' title="bbox 98 2053 1161 2173; baseline 0.01 -72"><span class='ocrx_word' id='word_1_156' title='bbox 98 2055 200 2173; x_wconf 49' lang='lat' dir='ltr'><strong>Karnine</strong></span> <span class='ocrx_word' id='word_1_157' title='bbox 214 2053 408 2116; x_wconf 86' lang='lat' dir='ltr'><strong>pronuntiabat,</strong></span> <span class='ocrx_word' id='word_1_158' title='bbox 422 2055 466 2105; x_wconf 91' lang='lat' dir='ltr'><strong>alil</strong></span> <span class='ocrx_word' id='word_1_159' title='bbox 479 2058 538 2108; x_wconf 83' lang='lat' dir='ltr'><strong>verb</strong></span> <span class='ocrx_word' id='word_1_160' title='bbox 551 2058 623 2108; x_wconf 89' lang='lat' dir='ltr'><strong>hune</strong></span> <span class='ocrx_word' id='word_1_161' title='bbox 637 2059 833 2111; x_wconf 87' lang='lat' dir='ltr'><strong>comitabantur.</strong></span> <span class='ocrx_word' id='word_1_162' title='bbox 849 2059 910 2110; x_wconf 86' lang='lat' dir='ltr'><strong>Vide</strong></span> <span class='ocrx_word' id='word_1_163' title='bbox 923 2061 1024 2112; x_wconf 85' lang='lat' dir='ltr'><strong>beuter.</strong></span> <span class='ocrx_word' id='word_1_164' title='bbox 1037 2065 1075 2112; x_wconf 80' lang='grc'><strong>33.</strong></span> <span class='ocrx_word' id='word_1_165' title='bbox 1092 2064 1117 2112; x_wconf 78' lang='lat'><strong>2.</strong></span> <span class='ocrx_word' id='word_1_166' title='bbox 1136 2067 1161 2112; x_wconf 89' lang='lat' dir='ltr'><strong>et</strong></span> 
     </span>
     <span class='ocr_line' id='line_1_25' title="bbox 118 2126 248 2173; baseline 0.008 -1"><span class='ocrx_word' id='word_1_167' title='bbox 118 2126 152 2172; x_wconf 87' lang='lat' dir='ltr'><strong>et.</strong></span> <span class='ocrx_word' id='word_1_168' title='bbox 166 2127 192 2171; x_wconf 84' lang='grc'><strong>7.</strong></span> <span class='ocrx_word' id='word_1_169' title='bbox 207 2126 248 2173; x_wconf 82' lang='grc'><strong>38.</strong></span> 
     </span>
    </p>

    <p class='ocr_par' dir='ltr' id='par_1_9' title="bbox 97 2188 1161 2328">
     <span class='ocr_line' id='line_1_26' title="bbox 126 2188 1161 2262; baseline 0.011 -23"><span class='ocrx_word' id='word_1_170' title='bbox 126 2188 292 2252; x_wconf 76' lang='lat' dir='ltr'><strong>Subinteliigo</strong></span> <span class='ocrx_word' id='word_1_171' title='bbox 311 2191 378 2254; x_wconf 77' lang='lat' dir='ltr'><strong>quod</strong></span> <span class='ocrx_word' id='word_1_172' title='bbox 398 2192 596 2258; x_wconf 80' lang='lat' dir='ltr'><strong>probabilissime</strong></span> <span class='ocrx_word' id='word_1_173' title='bbox 611 2194 704 2247; x_wconf 85' lang='lat' dir='ltr'><strong>Paulus</strong></span> <span class='ocrx_word' id='word_1_174' title='bbox 722 2197 830 2248; x_wconf 91' lang='lat' dir='ltr'><strong>habebat</strong></span> <span class='ocrx_word' id='word_1_175' title='bbox 849 2200 878 2248; x_wconf 95' lang='lat' dir='ltr'><strong>ln</strong></span> <span class='ocrx_word' id='word_1_176' title='bbox 898 2200 984 2249; x_wconf 90' lang='lat' dir='ltr'><strong>mente</strong></span> <span class='ocrx_word' id='word_1_177' title='bbox 1005 2200 1161 2262; x_wconf 78' lang='lat' dir='ltr'><strong>rpromissio</strong></span> 
     </span>
     <span class='ocr_line' id='line_1_27' title="bbox 97 2259 865 2328; baseline 0.012 -19"><span class='ocrx_word' id='word_1_178' title='bbox 97 2263 184 2310; x_wconf 86' lang='lat' dir='ltr'><strong>autem</strong></span> <span class='ocrx_word' id='word_1_179' title='bbox 195 2272 242 2322; x_wconf 88' lang='lat' dir='ltr'><strong>per</strong></span> <span class='ocrx_word' id='word_1_180' title='bbox 253 2259 333 2310; x_wconf 85' lang='lat' dir='ltr'><strong>ileum</strong></span> <span class='ocrx_word' id='word_1_181' title='bbox 347 2263 431 2324; x_wconf 91' lang='lat' dir='ltr'><strong>ipsum</strong></span> <span class='ocrx_word' id='word_1_182' title='bbox 442 2262 508 2314; x_wconf 86' lang='lat' dir='ltr'><strong>iacta</strong></span> <span class='ocrx_word' id='word_1_183' title='bbox 522 2269 560 2314; x_wconf 90' lang='lat' dir='ltr'><strong>est</strong></span> <span class='ocrx_word' id='word_1_184' title='bbox 570 2264 675 2315; x_wconf 78' lang='lat' dir='ltr'><strong>surana</strong></span> <span class='ocrx_word' id='word_1_185' title='bbox 686 2304 693 2328; x_wconf 96' lang='lat'><strong>,</strong></span> <span class='ocrx_word' id='word_1_186' title='bbox 704 2271 730 2316; x_wconf 90' lang='lat' dir='ltr'><strong>et</strong></span> <span class='ocrx_word' id='word_1_187' title='bbox 740 2268 865 2318; x_wconf 86' lang='lat' dir='ltr'><strong>ordinata.</strong></span> 
     </span>
    </p>

    <p class='ocr_par' dir='ltr' id='par_1_10' title="bbox 97 2327 1161 2469">
     <span class='ocr_line' id='line_1_28' title="bbox 125 2327 1161 2400; baseline 0.009 -22"><span class='ocrx_word' id='word_1_188' title='bbox 125 2329 180 2379; x_wconf 88' lang='lat' dir='ltr'><strong>iloe</strong></span> <span class='ocrx_word' id='word_1_189' title='bbox 197 2327 283 2391; x_wconf 77' lang='lat' dir='ltr'><strong>legens</strong></span> <span class='ocrx_word' id='word_1_190' title='bbox 296 2329 396 2391; x_wconf 86' lang='lat' dir='ltr'><strong>doctor,</strong></span> <span class='ocrx_word' id='word_1_191' title='bbox 408 2336 433 2380; x_wconf 89' lang='lat' dir='ltr'><strong>et</strong></span> <span class='ocrx_word' id='word_1_192' title='bbox 445 2332 547 2394; x_wconf 86' lang='lat' dir='ltr'><strong>quidem</strong></span> <span class='ocrx_word' id='word_1_193' title='bbox 560 2334 764 2398; x_wconf 89' lang='lat' dir='ltr'><strong>eruditissimus,</strong></span> <span class='ocrx_word' id='word_1_194' title='bbox 778 2336 869 2397; x_wconf 77' lang='lat' dir='ltr'><strong>obiecit</strong></span> <span class='ocrx_word' id='word_1_195' title='bbox 879 2337 943 2387; x_wconf 90' lang='lat' dir='ltr'><strong>mibi</strong></span> <span class='ocrx_word' id='word_1_196' title='bbox 953 2356 961 2387; x_wconf 74' lang='lat' dir='ltr'><em>z</em></span> <span class='ocrx_word' id='word_1_197' title='bbox 971 2335 1045 2400; x_wconf 75' lang='lat' dir='ltr'><strong>Atqui</strong></span> <span class='ocrx_word' id='word_1_198' title='bbox 1057 2350 1101 2400; x_wconf 91' lang='lat' dir='ltr'><strong>per</strong></span> <span class='ocrx_word' id='word_1_199' title='bbox 1113 2351 1161 2387; x_wconf 92' lang='lat' dir='ltr'><strong>au-</strong></span> 
     </span>
     <span class='ocr_line' id='line_1_29' title="bbox 97 2397 900 2469; baseline 0.009 -21"><span class='ocrx_word' id='word_1_200' title='bbox 97 2397 181 2460; x_wconf 77' lang='lat' dir='ltr'><strong>gelum</strong></span> <span class='ocrx_word' id='word_1_201' title='bbox 194 2400 329 2461; x_wconf 86' lang='lat' dir='ltr'><strong>promissio</strong></span> <span class='ocrx_word' id='word_1_202' title='bbox 339 2398 405 2450; x_wconf 86' lang='lat' dir='ltr'><strong>iacta</strong></span> <span class='ocrx_word' id='word_1_203' title='bbox 414 2403 452 2450; x_wconf 92' lang='lat' dir='ltr'><strong>est</strong></span> <span class='ocrx_word' id='word_1_204' title='bbox 463 2400 569 2452; x_wconf 79' lang='lat' dir='ltr'><strong>Abrabae</strong></span> <span class='ocrx_word' id='word_1_205' title='bbox 581 2422 587 2452; x_wconf 73' lang='grc' dir='ltr'>ι</span> <span class='ocrx_word' id='word_1_206' title='bbox 599 2415 656 2465; x_wconf 82' lang='lat' dir='ltr'><strong>ergo</strong></span> <span class='ocrx_word' id='word_1_207' title='bbox 668 2404 739 2454; x_wconf 91' lang='lat' dir='ltr'><strong>nulla</strong></span> <span class='ocrx_word' id='word_1_208' title='bbox 757 2405 900 2469; x_wconf 85' lang='lat' dir='ltr'><strong>disparitas.</strong></span> 
     </span>
    </p>

    <p class='ocr_par' dir='ltr' id='par_1_11' title="bbox 126 2467 1162 2536">
     <span class='ocr_line' id='line_1_30' title="bbox 126 2467 1162 2536; baseline 0.004 -18"><span class='ocrx_word' id='word_1_209' title='bbox 126 2467 174 2518; x_wconf 85' lang='lat' dir='ltr'><strong>Cui</strong></span> <span class='ocrx_word' id='word_1_210' title='bbox 185 2467 304 2530; x_wconf 85' lang='lat' dir='ltr'><strong>respondi</strong></span> <span class='ocrx_word' id='word_1_211' title='bbox 320 2467 402 2531; x_wconf 87' lang='lat' dir='ltr'><strong>primb</strong></span> <span class='ocrx_word' id='word_1_212' title='bbox 420 2469 599 2534; x_wconf 87' lang='lat' dir='ltr'><strong>subsumptum</strong></span> <span class='ocrx_word' id='word_1_213' title='bbox 613 2472 744 2534; x_wconf 84' lang='lat' dir='ltr'><strong>negando,</strong></span> <span class='ocrx_word' id='word_1_214' title='bbox 757 2478 816 2535; x_wconf 83' lang='lat' dir='ltr'><strong>quia</strong></span> <span class='ocrx_word' id='word_1_215' title='bbox 835 2473 860 2523; x_wconf 90' lang='lat' dir='ltr'><strong>id</strong></span> <span class='ocrx_word' id='word_1_216' title='bbox 874 2485 925 2523; x_wconf 91' lang='lat' dir='ltr'><strong>uon</strong></span> <span class='ocrx_word' id='word_1_217' title='bbox 937 2477 975 2522; x_wconf 89' lang='lat' dir='ltr'><strong>est</strong></span> <span class='ocrx_word' id='word_1_218' title='bbox 987 2475 1015 2523; x_wconf 93' lang='lat' dir='ltr'><strong>in</strong></span> <span class='ocrx_word' id='word_1_219' title='bbox 1027 2472 1162 2536; x_wconf 88' lang='lat' dir='ltr'><strong>Scripturis</strong></span> 
     </span>
    </p>
   </div>
   <div class='ocr_carea' id='block_1_6' title="bbox 97 2536 1162 2656">
    <p class='ocr_par' dir='ltr' id='par_1_12' title="bbox 97 2536 1162 2656">
     <span class='ocr_line' id='line_1_31' title="bbox 97 2536 1162 2656; baseline 0.003 -69"><span class='ocrx_word' id='word_1_220' title='bbox 97 2548 244 2656; x_wconf 62' lang='lat' dir='ltr'><strong>explrgssnm</strong></span> <span class='ocrx_word' id='word_1_221' title='bbox 256 2555 264 2597; x_wconf 71' lang='grc' dir='ltr'><strong>ς</strong></span> <span class='ocrx_word' id='word_1_222' title='bbox 276 2536 327 2586; x_wconf 88' lang='lat' dir='ltr'><strong>irnb</strong></span> <span class='ocrx_word' id='word_1_223' title='bbox 339 2537 477 2588; x_wconf 82' lang='lat' dir='ltr'><strong>formaliter</strong></span> <span class='ocrx_word' id='word_1_224' title='bbox 490 2538 516 2588; x_wconf 92' lang='lat' dir='ltr'><strong>id</strong></span> <span class='ocrx_word' id='word_1_225' title='bbox 527 2541 674 2591; x_wconf 88' lang='lat' dir='ltr'><strong>attribuitur</strong></span> <span class='ocrx_word' id='word_1_226' title='bbox 691 2540 807 2592; x_wconf 81' lang='lat' dir='ltr'><strong>Domino.</strong></span> <span class='ocrx_word' id='word_1_227' title='bbox 819 2543 908 2593; x_wconf 84' lang='lat' dir='ltr'><strong>Geucs.</strong></span> <span class='ocrx_word' id='word_1_228' title='bbox 923 2545 965 2602; x_wconf 84' lang='lat'><strong>18,</strong></span> <span class='ocrx_word' id='word_1_229' title='bbox 977 2553 1004 2590; x_wconf 90' lang='lat' dir='ltr'><strong>n.</strong></span> <span class='ocrx_word' id='word_1_230' title='bbox 1019 2544 1063 2609; x_wconf 70' lang='lat'><strong>1⁷,</strong></span> <span class='ocrx_word' id='word_1_231' title='bbox 1073 2544 1098 2590; x_wconf 91' lang='lat' dir='ltr'><strong>et</strong></span> <span class='ocrx_word' id='word_1_232' title='bbox 1112 2543 1162 2603; x_wconf 75' lang='lat'><strong>22,</strong></span> 
     </span>
     <span class='ocr_line' id='line_1_32' title="bbox 97 2620 178 2655; baseline 0 0"><span class='ocrx_word' id='word_1_233' title='bbox 97 2620 123 2655; x_wconf 91' lang='grc' dir='ltr'><strong>ιι.</strong></span> <span class='ocrx_word' id='word_1_234' title='bbox 170 2640 178 2655; x_wconf 94' lang='grc'><strong>.</strong></span> 
     </span>
    </p>
   </div>
   <div class='ocr_carea' id='block_1_7' title="bbox 95 2672 1165 3570">
    <p class='ocr_par' dir='ltr' id='par_1_13' title="bbox 95 2672 1162 2876">
     <span class='ocr_line' id='line_1_33' title="bbox 124 2672 1162 2741; baseline 0.001 -17"><span class='ocrx_word' id='word_1_235' title='bbox 124 2672 263 2737; x_wconf 86' lang='lat' dir='ltr'><strong>Seeundd,</strong></span> <span class='ocrx_word' id='word_1_236' title='bbox 278 2678 346 2735; x_wconf 88' lang='lat' dir='ltr'><strong>esto,</strong></span> <span class='ocrx_word' id='word_1_237' title='bbox 370 2675 532 2738; x_wconf 84' lang='lat' dir='ltr'><strong>inquiebam,</strong></span> <span class='ocrx_word' id='word_1_238' title='bbox 548 2676 616 2740; x_wconf 81' lang='lat' dir='ltr'><strong>quiid</strong></span> <span class='ocrx_word' id='word_1_239' title='bbox 638 2690 683 2741; x_wconf 89' lang='lat' dir='ltr'><strong>per</strong></span> <span class='ocrx_word' id='word_1_240' title='bbox 707 2676 825 2738; x_wconf 78' lang='lat' dir='ltr'><strong>angelum</strong></span> <span class='ocrx_word' id='word_1_241' title='bbox 842 2677 976 2738; x_wconf 87' lang='lat' dir='ltr'><strong>promissio</strong></span> <span class='ocrx_word' id='word_1_242' title='bbox 998 2673 1074 2724; x_wconf 84' lang='lat' dir='ltr'><strong>luerit</strong></span> <span class='ocrx_word' id='word_1_243' title='bbox 1099 2673 1162 2725; x_wconf 79' lang='lat' dir='ltr'><strong>loric</strong></span> 
     </span>
     <span class='ocr_line' id='line_1_34' title="bbox 95 2743 1162 2811; baseline -0.002 -18"><span class='ocrx_word' id='word_1_244' title='bbox 95 2745 262 2807; x_wconf 88' lang='lat' dir='ltr'><strong>pronuntiata</strong></span> <span class='ocrx_word' id='word_1_245' title='bbox 274 2763 281 2793; x_wconf 72' lang='grc' dir='ltr'>ι</span> <span class='ocrx_word' id='word_1_246' title='bbox 294 2747 321 2794; x_wconf 89' lang='lat' dir='ltr'><strong>at</strong></span> <span class='ocrx_word' id='word_1_247' title='bbox 332 2743 399 2793; x_wconf 78' lang='lat' dir='ltr'><strong>certe</strong></span> <span class='ocrx_word' id='word_1_248' title='bbox 412 2755 456 2806; x_wconf 90' lang='lat' dir='ltr'><strong>per</strong></span> <span class='ocrx_word' id='word_1_249' title='bbox 469 2744 548 2795; x_wconf 86' lang='lat' dir='ltr'><strong>ileum</strong></span> <span class='ocrx_word' id='word_1_250' title='bbox 559 2748 643 2811; x_wconf 89' lang='lat' dir='ltr'><strong>ipsum</strong></span> <span class='ocrx_word' id='word_1_251' title='bbox 651 2746 717 2795; x_wconf 86' lang='lat' dir='ltr'><strong>iacta</strong></span> <span class='ocrx_word' id='word_1_252' title='bbox 728 2745 777 2795; x_wconf 85' lang='lat' dir='ltr'><strong>luit</strong></span> <span class='ocrx_word' id='word_1_253' title='bbox 788 2748 813 2794; x_wconf 91' lang='lat' dir='ltr'><strong>et</strong></span> <span class='ocrx_word' id='word_1_254' title='bbox 823 2744 939 2794; x_wconf 85' lang='lat' dir='ltr'><strong>ordinata</strong></span> <span class='ocrx_word' id='word_1_255' title='bbox 948 2755 955 2784; x_wconf 90' lang='lat'><em>=</em></span> <span class='ocrx_word' id='word_1_256' title='bbox 965 2744 1022 2804; x_wconf 86' lang='lat' dir='ltr'><strong>quis</strong></span> <span class='ocrx_word' id='word_1_257' title='bbox 1032 2743 1102 2790; x_wconf 89' lang='lat' dir='ltr'><strong>enim</strong></span> <span class='ocrx_word' id='word_1_258' title='bbox 1113 2755 1162 2792; x_wconf 90' lang='lat' dir='ltr'><strong>an-</strong></span> 
     </span>
     <span class='ocr_line' id='line_1_35' title="bbox 96 2810 537 2876; baseline 0 -13"><span class='ocrx_word' id='word_1_259' title='bbox 96 2812 212 2875; x_wconf 76' lang='lat' dir='ltr'><strong>gelum</strong></span> <span class='ocrx_word' id='word_1_260' title='bbox 228 2815 361 2876; x_wconf 86' lang='lat' dir='ltr'><strong>promittat</strong></span> <span class='ocrx_word' id='word_1_261' title='bbox 369 2810 463 2862; x_wconf 80' lang='lat' dir='ltr'><strong>Filium</strong></span> <span class='ocrx_word' id='word_1_262' title='bbox 473 2813 537 2864; x_wconf 80' lang='lat' dir='ltr'><strong>liei?</strong></span> 
     </span>
    </p>

    <p class='ocr_par' dir='ltr' id='par_1_14' title="bbox 96 2877 1161 3013">
     <span class='ocr_line' id='line_1_36' title="bbox 124 2877 1161 2947; baseline -0.004 -17"><span class='ocrx_word' id='word_1_263' title='bbox 124 2881 182 2931; x_wconf 81' lang='lat' dir='ltr'><strong>biri</strong></span> <span class='ocrx_word' id='word_1_264' title='bbox 197 2879 276 2945; x_wconf 71' lang='lat' dir='ltr'><strong>fotid,</strong></span> <span class='ocrx_word' id='word_1_265' title='bbox 286 2882 346 2945; x_wconf 79' lang='lat' dir='ltr'><strong>qula</strong></span> <span class='ocrx_word' id='word_1_266' title='bbox 358 2879 418 2930; x_wconf 76' lang='lat' dir='ltr'><strong>lieet</strong></span> <span class='ocrx_word' id='word_1_267' title='bbox 428 2880 455 2931; x_wconf 85' lang='lat' dir='ltr'><strong>ld</strong></span> <span class='ocrx_word' id='word_1_268' title='bbox 465 2892 517 2932; x_wconf 86' lang='lat' dir='ltr'><strong>nou</strong></span> <span class='ocrx_word' id='word_1_269' title='bbox 528 2885 562 2932; x_wconf 92' lang='lat' dir='ltr'><strong>sit</strong></span> <span class='ocrx_word' id='word_1_270' title='bbox 578 2883 605 2932; x_wconf 93' lang='lat' dir='ltr'><strong>lu</strong></span> <span class='ocrx_word' id='word_1_271' title='bbox 616 2883 753 2947; x_wconf 84' lang='lat' dir='ltr'><strong>seripturis</strong></span> <span class='ocrx_word' id='word_1_272' title='bbox 772 2892 930 2946; x_wconf 85' lang='lat' dir='ltr'><strong>expressum,</strong></span> <span class='ocrx_word' id='word_1_273' title='bbox 942 2878 1006 2930; x_wconf 75' lang='lat' dir='ltr'><strong>lond</strong></span> <span class='ocrx_word' id='word_1_274' title='bbox 1019 2877 1102 2942; x_wconf 82' lang='lat' dir='ltr'><strong>colligi</strong></span> <span class='ocrx_word' id='word_1_275' title='bbox 1112 2880 1161 2934; x_wconf 76' lang='lat' dir='ltr'><strong>lio·</strong></span> 
     </span>
     <span class='ocr_line' id='line_1_37' title="bbox 96 2949 605 3013; baseline 0 -12"><span class='ocrx_word' id='word_1_276' title='bbox 96 2954 143 3001; x_wconf 85' lang='lat' dir='ltr'><strong>test</strong></span> <span class='ocrx_word' id='word_1_277' title='bbox 152 2960 184 3000; x_wconf 80' lang='lat' dir='ltr'><strong>ex</strong></span> <span class='ocrx_word' id='word_1_278' title='bbox 200 2951 250 3011; x_wconf 87' lang='lat' dir='ltr'><strong>iis,</strong></span> <span class='ocrx_word' id='word_1_279' title='bbox 265 2949 293 2999; x_wconf 89' lang='lat' dir='ltr'><strong>lu</strong></span> <span class='ocrx_word' id='word_1_280' title='bbox 304 2950 428 3013; x_wconf 81' lang='lat' dir='ltr'><strong>capitibus</strong></span> <span class='ocrx_word' id='word_1_281' title='bbox 437 2952 491 3010; x_wconf 85' lang='lat' dir='ltr'><strong>Jam</strong></span> <span class='ocrx_word' id='word_1_282' title='bbox 506 2953 605 3002; x_wconf 82' lang='lat' dir='ltr'><strong>citatis:</strong></span> 
     </span>
    </p>

    <p class='ocr_par' dir='ltr' id='par_1_15' title="bbox 96 3013 1164 3221">
     <span class='ocr_line' id='line_1_38' title="bbox 125 3013 1163 3083; baseline -0.004 -14"><span class='ocrx_word' id='word_1_283' title='bbox 125 3018 257 3069; x_wconf 80' lang='lat' dir='ltr'><strong>Addebam</strong></span> <span class='ocrx_word' id='word_1_284' title='bbox 266 3022 352 3067; x_wconf 86' lang='lat' dir='ltr'><strong>tamen</strong></span> <span class='ocrx_word' id='word_1_285' title='bbox 363 3018 430 3079; x_wconf 83' lang='lat' dir='ltr'><strong>quod</strong></span> <span class='ocrx_word' id='word_1_286' title='bbox 441 3018 523 3068; x_wconf 87' lang='lat' dir='ltr'><strong>solum</strong></span> <span class='ocrx_word' id='word_1_287' title='bbox 533 3018 669 3083; x_wconf 74' lang='lat' dir='ltr'><strong>Scriptura</strong></span> <span class='ocrx_word' id='word_1_288' title='bbox 680 3020 811 3070; x_wconf 88' lang='lat' dir='ltr'><strong>silentium</strong></span> <span class='ocrx_word' id='word_1_289' title='bbox 822 3017 948 3068; x_wconf 81' lang='lat' dir='ltr'><strong>sufficeret</strong></span> <span class='ocrx_word' id='word_1_290' title='bbox 957 3016 990 3066; x_wconf 91' lang='lat' dir='ltr'><strong>ad</strong></span> <span class='ocrx_word' id='word_1_291' title='bbox 999 3013 1062 3065; x_wconf 89' lang='lat' dir='ltr'><strong>iilud</strong></span> <span class='ocrx_word' id='word_1_292' title='bbox 1070 3026 1163 3076; x_wconf 69' lang='lat' dir='ltr'><strong>negare</strong></span> 
     </span>
     <span class='ocr_line' id='line_1_39' title="bbox 96 3084 1164 3152; baseline -0.003 -14"><span class='ocrx_word' id='word_1_293' title='bbox 96 3089 177 3150; x_wconf 90' lang='lat' dir='ltr'><strong>dum,</strong></span> <span class='ocrx_word' id='word_1_294' title='bbox 191 3090 265 3151; x_wconf 81' lang='lat' dir='ltr'><strong>Juxta</strong></span> <span class='ocrx_word' id='word_1_295' title='bbox 274 3090 387 3137; x_wconf 89' lang='lat' dir='ltr'><strong>mentem</strong></span> <span class='ocrx_word' id='word_1_296' title='bbox 399 3086 428 3136; x_wconf 87' lang='lat' dir='ltr'><strong>ll.</strong></span> <span class='ocrx_word' id='word_1_297' title='bbox 442 3087 529 3150; x_wconf 88' lang='lat' dir='ltr'><strong>Pauli,</strong></span> <span class='ocrx_word' id='word_1_298' title='bbox 542 3091 587 3149; x_wconf 86' lang='lat' dir='ltr'><strong>qui</strong></span> <span class='ocrx_word' id='word_1_299' title='bbox 599 3102 630 3139; x_wconf 81' lang='lat' dir='ltr'><strong>ex</strong></span> <span class='ocrx_word' id='word_1_300' title='bbox 640 3089 692 3139; x_wconf 83' lang='lat' dir='ltr'><strong>solo</strong></span> <span class='ocrx_word' id='word_1_301' title='bbox 705 3090 841 3152; x_wconf 75' lang='lat' dir='ltr'><strong>Scriptura</strong></span> <span class='ocrx_word' id='word_1_302' title='bbox 856 3086 955 3136; x_wconf 87' lang='lat' dir='ltr'><strong>silentio</strong></span> <span class='ocrx_word' id='word_1_303' title='bbox 973 3084 1164 3148; x_wconf 81' lang='lat' dir='ltr'><strong>deponentibus</strong></span> 
     </span>
     <span class='ocr_line' id='line_1_40' title="bbox 96 3154 963 3221; baseline -0.003 -14"><span class='ocrx_word' id='word_1_304' title='bbox 96 3154 300 3217; x_wconf 86' lang='lat' dir='ltr'><strong>lielehisedech,</strong></span> <span class='ocrx_word' id='word_1_305' title='bbox 314 3154 387 3206; x_wconf 90' lang='lat' dir='ltr'><strong>ilium</strong></span> <span class='ocrx_word' id='word_1_306' title='bbox 401 3156 524 3207; x_wconf 75' lang='lat' dir='ltr'><strong>dixistine</strong></span> <span class='ocrx_word' id='word_1_307' title='bbox 534 3165 619 3221; x_wconf 83' lang='lat' dir='ltr'><strong>petre,</strong></span> <span class='ocrx_word' id='word_1_308' title='bbox 627 3161 680 3209; x_wconf 81' lang='lat' dir='ltr'><strong>sine</strong></span> <span class='ocrx_word' id='word_1_309' title='bbox 690 3164 779 3208; x_wconf 81' lang='lat' dir='ltr'><strong>moire.</strong></span> <span class='ocrx_word' id='word_1_310' title='bbox 787 3156 849 3206; x_wconf 83' lang='lat' dir='ltr'><strong>lieb.</strong></span> <span class='ocrx_word' id='word_1_311' title='bbox 860 3158 890 3216; x_wconf 82' lang='grc'><strong>7,</strong></span> <span class='ocrx_word' id='word_1_312' title='bbox 899 3169 926 3204; x_wconf 90' lang='grc' dir='ltr'><strong>ιι.</strong></span> <span class='ocrx_word' id='word_1_313' title='bbox 939 3159 963 3204; x_wconf 83' lang='grc'><strong>3.</strong></span> 
     </span>
    </p>

    <p class='ocr_par' dir='ltr' id='par_1_16' title="bbox 97 3228 1164 3433">
     <span class='ocr_line' id='line_1_41' title="bbox 124 3228 1163 3294; baseline -0.006 -12"><span class='ocrx_word' id='word_1_314' title='bbox 124 3234 154 3282; x_wconf 77' lang='lat' dir='ltr'><strong>ie</strong></span> <span class='ocrx_word' id='word_1_315' title='bbox 166 3244 248 3282; x_wconf 75' lang='lat' dir='ltr'><strong>moso</strong></span> <span class='ocrx_word' id='word_1_316' title='bbox 258 3232 422 3290; x_wconf 69' lang='lat' dir='ltr'><strong>mediatores,</strong></span> <span class='ocrx_word' id='word_1_317' title='bbox 433 3231 522 3293; x_wconf 87' lang='lat' dir='ltr'><strong>idest,</strong></span> <span class='ocrx_word' id='word_1_318' title='bbox 536 3233 676 3282; x_wconf 83' lang='lat' dir='ltr'><strong>ministerio</strong></span> <span class='ocrx_word' id='word_1_319' title='bbox 690 3231 782 3294; x_wconf 85' lang='lat' dir='ltr'><strong>iioysis</strong></span> <span class='ocrx_word' id='word_1_320' title='bbox 795 3229 958 3290; x_wconf 89' lang='lat' dir='ltr'><strong>mediatoris,</strong></span> <span class='ocrx_word' id='word_1_321' title='bbox 976 3241 1003 3278; x_wconf 92' lang='lat' dir='ltr'><strong>se</strong></span> <span class='ocrx_word' id='word_1_322' title='bbox 1019 3228 1090 3290; x_wconf 82' lang='lat' dir='ltr'><strong>quasi</strong></span> <span class='ocrx_word' id='word_1_323' title='bbox 1107 3240 1163 3277; x_wconf 91' lang='lat' dir='ltr'><strong>me-</strong></span> 
     </span>
     <span class='ocr_line' id='line_1_42' title="bbox 97 3295 1164 3365; baseline -0.008 -13"><span class='ocrx_word' id='word_1_324' title='bbox 97 3301 168 3352; x_wconf 85' lang='lat' dir='ltr'><strong>dium</strong></span> <span class='ocrx_word' id='word_1_325' title='bbox 181 3301 368 3365; x_wconf 85' lang='lat' dir='ltr'><strong>interponentis</strong></span> <span class='ocrx_word' id='word_1_326' title='bbox 379 3302 445 3349; x_wconf 87' lang='lat' dir='ltr'><strong>inter</strong></span> <span class='ocrx_word' id='word_1_327' title='bbox 455 3300 534 3350; x_wconf 77' lang='grc' dir='ltr'>ὓειιιιι</span> <span class='ocrx_word' id='word_1_328' title='bbox 545 3305 570 3350; x_wconf 93' lang='lat' dir='ltr'><strong>et</strong></span> <span class='ocrx_word' id='word_1_329' title='bbox 580 3301 702 3365; x_wconf 91' lang='lat' dir='ltr'><strong>populum</strong></span> <span class='ocrx_word' id='word_1_330' title='bbox 712 3299 878 3349; x_wconf 90' lang='lat' dir='ltr'><strong>israeliticum</strong></span> <span class='ocrx_word' id='word_1_331' title='bbox 887 3300 927 3358; x_wconf 89' lang='lat' dir='ltr'><strong>,et</strong></span> <span class='ocrx_word' id='word_1_332' title='bbox 941 3308 987 3360; x_wconf 91' lang='lat' dir='ltr'><strong>pro</strong></span> <span class='ocrx_word' id='word_1_333' title='bbox 1002 3307 1031 3345; x_wconf 91' lang='lat' dir='ltr'><strong>eo</strong></span> <span class='ocrx_word' id='word_1_334' title='bbox 1041 3295 1164 3357; x_wconf 88' lang='lat' dir='ltr'><strong>stipulan-</strong></span> 
     </span>
     <span class='ocr_line' id='line_1_43' title="bbox 98 3369 886 3433; baseline -0.008 -13"><span class='ocrx_word' id='word_1_335' title='bbox 98 3372 140 3422; x_wconf 83' lang='lat' dir='ltr'><strong>tis.</strong></span> <span class='ocrx_word' id='word_1_336' title='bbox 153 3372 212 3433; x_wconf 74' lang='lat' dir='ltr'><strong>Epo</strong></span> <span class='ocrx_word' id='word_1_337' title='bbox 225 3374 349 3431; x_wconf 75' lang='lat' dir='ltr'><strong>sequester</strong></span> <span class='ocrx_word' id='word_1_338' title='bbox 359 3374 382 3418; x_wconf 87' lang='lat' dir='ltr'><strong>et</strong></span> <span class='ocrx_word' id='word_1_339' title='bbox 396 3369 492 3418; x_wconf 79' lang='lat' dir='ltr'><strong>medius</strong></span> <span class='ocrx_word' id='word_1_340' title='bbox 502 3369 543 3433; x_wconf 73' lang='lat' dir='ltr'><strong>liti</strong></span> <span class='ocrx_word' id='word_1_341' title='bbox 552 3371 617 3420; x_wconf 76' lang='lat' dir='ltr'><strong>inter</strong></span> <span class='ocrx_word' id='word_1_342' title='bbox 629 3370 765 3418; x_wconf 83' lang='lat' dir='ltr'><strong>Dominum</strong></span> <span class='ocrx_word' id='word_1_343' title='bbox 777 3373 799 3416; x_wconf 90' lang='lat' dir='ltr'><strong>et</strong></span> <span class='ocrx_word' id='word_1_344' title='bbox 812 3379 886 3416; x_wconf 87' lang='lat' dir='ltr'><strong>oos...</strong></span> 
     </span>
    </p>

    <p class='ocr_par' dir='ltr' id='par_1_17' title="bbox 97 3430 1165 3570">
     <span class='ocr_line' id='line_1_44' title="bbox 124 3430 1165 3500; baseline -0.012 -10"><span class='ocrx_word' id='word_1_345' title='bbox 124 3436 309 3499; x_wconf 76' lang='lat' dir='ltr'><strong>subintellige,</strong></span> <span class='ocrx_word' id='word_1_346' title='bbox 332 3439 466 3500; x_wconf 90' lang='lat' dir='ltr'><strong>promissio</strong></span> <span class='ocrx_word' id='word_1_347' title='bbox 486 3443 577 3488; x_wconf 84' lang='lat' dir='ltr'><strong>autem</strong></span> <span class='ocrx_word' id='word_1_348' title='bbox 599 3435 746 3487; x_wconf 82' lang='lat' dir='ltr'><strong>immediati</strong></span> <span class='ocrx_word' id='word_1_349' title='bbox 767 3446 813 3497; x_wconf 90' lang='lat' dir='ltr'><strong>per</strong></span> <span class='ocrx_word' id='word_1_350' title='bbox 835 3432 915 3482; x_wconf 87' lang='lat' dir='ltr'><strong>beorn</strong></span> <span class='ocrx_word' id='word_1_351' title='bbox 934 3433 1019 3494; x_wconf 91' lang='lat' dir='ltr'><strong>ipsum</strong></span> <span class='ocrx_word' id='word_1_352' title='bbox 1039 3430 1104 3480; x_wconf 76' lang='lat' dir='ltr'><strong>meta</strong></span> <span class='ocrx_word' id='word_1_353' title='bbox 1128 3434 1165 3478; x_wconf 86' lang='lat' dir='ltr'><strong>est</strong></span> 
     </span>
     <span class='ocr_line' id='line_1_45' title="bbox 97 3499 1162 3570; baseline -0.015 -9"><span class='ocrx_word' id='word_1_354' title='bbox 97 3509 222 3570; x_wconf 76' lang='lat' dir='ltr'><strong>Abrabae,</strong></span> <span class='ocrx_word' id='word_1_355' title='bbox 233 3506 305 3556; x_wconf 90' lang='lat' dir='ltr'><strong>nulio</strong></span> <span class='ocrx_word' id='word_1_356' title='bbox 318 3506 456 3557; x_wconf 82' lang='lat' dir='ltr'><strong>mediatore</strong></span> <span class='ocrx_word' id='word_1_357' title='bbox 467 3508 650 3558; x_wconf 80' lang='lat' dir='ltr'><strong>interveniente</strong></span> <span class='ocrx_word' id='word_1_358' title='bbox 661 3542 669 3566; x_wconf 89' lang='lat'><strong>,</strong></span> <span class='ocrx_word' id='word_1_359' title='bbox 679 3507 734 3554; x_wconf 87' lang='lat' dir='ltr'><strong>sine</strong></span> <span class='ocrx_word' id='word_1_360' title='bbox 748 3501 909 3563; x_wconf 89' lang='lat' dir='ltr'><strong>conditione,</strong></span> <span class='ocrx_word' id='word_1_361' title='bbox 920 3502 975 3550; x_wconf 90' lang='lat' dir='ltr'><strong>sine</strong></span> <span class='ocrx_word' id='word_1_362' title='bbox 986 3499 1162 3563; x_wconf 86' lang='lat' dir='ltr'><strong>stipulatione,</strong></span> 
     </span>
    </p>
   </div>
   <div class='ocr_carea' id='block_1_8' title="bbox 98 3576 372 3640">
    <p class='ocr_par' dir='ltr' id='par_1_18' title="bbox 98 3576 372 3640">
     <span class='ocr_line' id='line_1_46' title="bbox 98 3576 372 3640; baseline -0.018 -11"><span class='ocrx_word' id='word_1_363' title='bbox 98 3581 153 3640; x_wconf 86' lang='lat' dir='ltr'><strong>quia</strong></span> <span class='ocrx_word' id='word_1_364' title='bbox 171 3576 243 3628; x_wconf 81' lang='lat' dir='ltr'><strong>mere</strong></span> <span class='ocrx_word' id='word_1_365' title='bbox 253 3577 372 3638; x_wconf 57' lang='lat' dir='ltr'><strong>astulia.</strong></span> 
     </span>
    </p>
   </div>
   <div class='ocr_carea' id='block_1_9' title="bbox 99 3651 1163 3792">
    <p class='ocr_par' dir='ltr' id='par_1_19' title="bbox 99 3651 1163 3792">
     <span class='ocr_line' id='line_1_47' title="bbox 125 3651 1163 3718; baseline -0.019 0"><span class='ocrx_word' id='word_1_366' title='bbox 125 3670 165 3718; x_wconf 81' lang='lat'><strong>20.</strong></span> <span class='ocrx_word' id='word_1_367' title='bbox 178 3666 303 3717; x_wconf 71' lang='lat' dir='ltr'><strong>lediotor</strong></span> <span class='ocrx_word' id='word_1_368' title='bbox 319 3668 404 3713; x_wconf 67' lang='lat' dir='ltr'><strong>eoem</strong></span> <span class='ocrx_word' id='word_1_369' title='bbox 418 3665 495 3713; x_wconf 78' lang='lat' dir='ltr'><strong>ocior</strong></span> <span class='ocrx_word' id='word_1_370' title='bbox 511 3677 561 3713; x_wconf 81' lang='lat' dir='ltr'><strong>occ</strong></span> <span class='ocrx_word' id='word_1_371' title='bbox 578 3667 642 3713; x_wconf 84' lang='lat' dir='ltr'><strong>est...</strong></span> <span class='ocrx_word' id='word_1_372' title='bbox 655 3658 705 3709; x_wconf 90' lang='lat' dir='ltr'><strong>Sed</strong></span> <span class='ocrx_word' id='word_1_373' title='bbox 725 3661 763 3708; x_wconf 86' lang='lat' dir='ltr'><strong>est</strong></span> <span class='ocrx_word' id='word_1_374' title='bbox 777 3658 844 3708; x_wconf 89' lang='lat' dir='ltr'><strong>iuter</strong></span> <span class='ocrx_word' id='word_1_375' title='bbox 864 3654 929 3706; x_wconf 91' lang='lat' dir='ltr'><strong>duos</strong></span> <span class='ocrx_word' id='word_1_376' title='bbox 939 3691 947 3716; x_wconf 96' lang='lat'><strong>,</strong></span> <span class='ocrx_word' id='word_1_377' title='bbox 959 3657 985 3704; x_wconf 92' lang='lat' dir='ltr'><strong>et</strong></span> <span class='ocrx_word' id='word_1_378' title='bbox 997 3651 1099 3715; x_wconf 85' lang='lat' dir='ltr'><strong>quidem</strong></span> <span class='ocrx_word' id='word_1_379' title='bbox 1112 3660 1163 3699; x_wconf 91' lang='lat' dir='ltr'><strong>nou</strong></span> 
     </span>
     <span class='ocr_line' id='line_1_48' title="bbox 99 3714 981 3792; baseline -0.014 -8"><span class='ocrx_word' id='word_1_380' title='bbox 99 3733 160 3786; x_wconf 91' lang='lat' dir='ltr'><strong>bene</strong></span> <span class='ocrx_word' id='word_1_381' title='bbox 173 3734 358 3787; x_wconf 85' lang='lat' dir='ltr'><strong>convenientes</strong></span> <span class='ocrx_word' id='word_1_382' title='bbox 367 3766 375 3792; x_wconf 92' lang='lat'><strong>,</strong></span> <span class='ocrx_word' id='word_1_383' title='bbox 385 3729 430 3780; x_wconf 89' lang='lat' dir='ltr'><strong>sed</strong></span> <span class='ocrx_word' id='word_1_384' title='bbox 440 3730 590 3781; x_wconf 86' lang='lat' dir='ltr'><strong>dissidentes</strong></span> <span class='ocrx_word' id='word_1_385' title='bbox 600 3766 608 3791; x_wconf 95' lang='lat'><strong>,</strong></span> <span class='ocrx_word' id='word_1_386' title='bbox 620 3731 645 3778; x_wconf 92' lang='lat' dir='ltr'><strong>et</strong></span> <span class='ocrx_word' id='word_1_387' title='bbox 655 3740 719 3790; x_wconf 76' lang='lat' dir='ltr'><strong>quos</strong></span> <span class='ocrx_word' id='word_1_388' title='bbox 732 3725 787 3776; x_wconf 86' lang='lat' dir='ltr'><strong>ruit</strong></span> <span class='ocrx_word' id='word_1_389' title='bbox 800 3714 981 3775; x_wconf 69' lang='lat' dir='ltr'><strong>reconciliare!</strong></span> 
     </span>
    </p>
   </div>
   <div class='ocr_carea' id='block_1_10' title="bbox 126 3799 1034 3874">
    <p class='ocr_par' dir='ltr' id='par_1_20' title="bbox 126 3799 1034 3874">
     <span class='ocr_line' id='line_1_49' title="bbox 126 3799 1034 3874; baseline -0.023 -5"><span class='ocrx_word' id='word_1_390' title='bbox 126 3819 194 3869; x_wconf 79' lang='lat' dir='ltr'><strong>Deua</strong></span> <span class='ocrx_word' id='word_1_391' title='bbox 204 3822 292 3868; x_wconf 69' lang='lat' dir='ltr'><strong>auten</strong></span> <span class='ocrx_word' id='word_1_392' title='bbox 304 3827 373 3864; x_wconf 74' lang='lat' dir='ltr'><strong>unus</strong></span> <span class='ocrx_word' id='word_1_393' title='bbox 386 3819 434 3874; x_wconf 82' lang='lat' dir='ltr'><strong>eet,</strong></span> <span class='ocrx_word' id='word_1_394' title='bbox 448 3815 496 3863; x_wconf 91' lang='lat' dir='ltr'><strong>sibi</strong></span> <span class='ocrx_word' id='word_1_395' title='bbox 506 3816 641 3871; x_wconf 89' lang='lat' dir='ltr'><strong>constans,</strong></span> <span class='ocrx_word' id='word_1_396' title='bbox 653 3821 751 3872; x_wconf 89' lang='lat' dir='ltr'><strong>semper</strong></span> <span class='ocrx_word' id='word_1_397' title='bbox 765 3807 847 3866; x_wconf 90' lang='lat' dir='ltr'><strong>idem,</strong></span> <span class='ocrx_word' id='word_1_398' title='bbox 859 3799 1034 3855; x_wconf 88' lang='lat' dir='ltr'><strong>immutabilis.</strong></span> 
     </span>
    </p>
   </div>
   <div class='ocr_carea' id='block_1_11' title="bbox 92 774 96 804">
    <p class='ocr_par' dir='ltr' id='par_1_21' title="bbox 92 774 96 804">
     <span class='ocr_line' id='line_1_50' title="bbox 92 774 96 804; baseline 0 0"><span class='ocrx_word' id='word_1_399' title='bbox 92 774 96 804; x_wconf 82' lang='lat' dir='ltr'><strong>l</strong></span> 
     </span>
    </p>
   </div>
   <div class='ocr_carea' id='block_1_12' title="bbox 103 3860 1163 4015">
    <p class='ocr_par' dir='ltr' id='par_1_22' title="bbox 103 3860 1163 4015">
     <span class='ocr_line' id='line_1_51' title="bbox 127 3860 1163 3938; baseline -0.029 -1"><span class='ocrx_word' id='word_1_400' title='bbox 127 3886 331 3937; x_wconf 81' lang='lat' dir='ltr'><strong>obscurissimus</strong></span> <span class='ocrx_word' id='word_1_401' title='bbox 348 3884 387 3931; x_wconf 90' lang='lat' dir='ltr'><strong>est</strong></span> <span class='ocrx_word' id='word_1_402' title='bbox 400 3881 444 3932; x_wconf 88' lang='lat' dir='ltr'><strong>hie</strong></span> <span class='ocrx_word' id='word_1_403' title='bbox 457 3882 529 3932; x_wconf 89' lang='lat' dir='ltr'><strong>loeus</strong></span> <span class='ocrx_word' id='word_1_404' title='bbox 543 3901 550 3931; x_wconf 72' lang='grc' dir='ltr'>ι</span> <span class='ocrx_word' id='word_1_405' title='bbox 567 3881 704 3931; x_wconf 87' lang='lat' dir='ltr'><strong>obscurum</strong></span> <span class='ocrx_word' id='word_1_406' title='bbox 715 3882 766 3938; x_wconf 87' lang='lat' dir='ltr'><strong>est,</strong></span> <span class='ocrx_word' id='word_1_407' title='bbox 780 3878 817 3925; x_wconf 85' lang='lat' dir='ltr'><strong>alt</strong></span> <span class='ocrx_word' id='word_1_408' title='bbox 827 3871 998 3925; x_wconf 84' lang='lat' dir='ltr'><strong>Fromoudus,</strong></span> <span class='ocrx_word' id='word_1_409' title='bbox 1010 3874 1086 3926; x_wconf 86' lang='lat' dir='ltr'><strong>quare</strong></span> <span class='ocrx_word' id='word_1_410' title='bbox 1096 3860 1163 3920; x_wconf 84' lang='lat' dir='ltr'><strong>Apo·</strong></span> 
     </span>
     <span class='ocr_line' id='line_1_52' title="bbox 103 3937 1006 4015; baseline -0.023 -12"><span class='ocrx_word' id='word_1_411' title='bbox 103 3955 177 4008; x_wconf 82' lang='lat' dir='ltr'><strong>tisim</strong></span> <span class='ocrx_word' id='word_1_412' title='bbox 187 3955 260 4008; x_wconf 87' lang='lat' dir='ltr'><strong>boue</strong></span> <span class='ocrx_word' id='word_1_413' title='bbox 272 3962 377 4006; x_wconf 79' lang='lat' dir='ltr'><strong>uersum</strong></span> <span class='ocrx_word' id='word_1_414' title='bbox 388 3952 480 4015; x_wconf 86' lang='lat' dir='ltr'><strong>raptim</strong></span> <span class='ocrx_word' id='word_1_415' title='bbox 491 3955 515 4003; x_wconf 89' lang='lat' dir='ltr'><strong>et</strong></span> <span class='ocrx_word' id='word_1_416' title='bbox 529 3948 600 4001; x_wconf 82' lang='lat' dir='ltr'><strong>velut</strong></span> <span class='ocrx_word' id='word_1_417' title='bbox 611 3954 682 3998; x_wconf 81' lang='lat' dir='ltr'><strong>extra</strong></span> <span class='ocrx_word' id='word_1_418' title='bbox 693 3947 850 4009; x_wconf 86' lang='lat' dir='ltr'><strong>propositum</strong></span> <span class='ocrx_word' id='word_1_419' title='bbox 862 3937 1006 4000; x_wconf 74' lang='lat' dir='ltr'><strong>interliciat.</strong></span> 
     </span>
    </p>
   </div>
   <div class='ocr_carea' id='block_1_13' title="bbox 0 0 1260 4424">
    <p class='ocr_par' dir='ltr' id='par_1_23' title="bbox 0 0 1260 4424">
     <span class='ocr_line' id='line_1_53' title="bbox 0 0 1260 4424; baseline 0 0"><span class='ocrx_word' id='word_1_420' title='bbox 0 0 1260 4424; x_wconf 95' lang='lat' dir='ltr'><strong> </strong></span> 
     </span>
    </p>
   </div>
  </div>
 </body>
</html>
