2512 4424
104 247 157 304 iob
399 240 606 300 bristout
624 242 674 298 ait
691 242 873 303 ditatas

134 341 186 393 Lex
199 344 269 393 onim
284 341 357 404 lubet
371 343 401 392 ut
416 343 502 392 omnia
515 342 638 404 precepta
652 351 705 389 ser·
727 343 868 410 Scriptum
881 349 926 398 est
935 342 1013 399 enim
1024 358 1033 397 ι
1044 337 1167 397 medio·

104 415 197 461 rentur
207 449 215 473 ,
225 416 253 461 et
260 410 401 461 maledictis
409 411 512 471 subjicit
521 422 565 460 eos
575 411 619 470 pai
630 408 705 471 quid·
727 424 772 472 tus
784 421 876 473 omnis
884 422 934 488 qur
942 434 1000 473 110„
1011 430 1169 487 permama-

104 480 174 542 ptnm
190 477 427 539 transgrediuntur:
440 479 511 538 atqui
525 488 613 525 omues
624 475 704 537 legem
726 493 763 545 rip
783 495 812 546 in
835 496 967 548 omnm
988 507 1053 562 quae
1067 493 1168 560 scripta

104 545 361 607 violant31e1enim,
372 547 394 594 si
405 545 437 595 ab
448 558 478 595 ea
488 544 565 594 iidem
576 543 704 604 exe-ludas,
727 577 792 624 sun,
803 572 832 623 in
844 573 916 627 libro
925 573 1008 642 1033„
1022 577 1053 626 up
1063 570 1168 625 facian,

105 625 158 663 uon
173 612 217 662 dat
228 615 310 662 vires:
322 614 380 674 quis
395 618 483 662 autem
501 613 556 661 sinc
566 614 653 673 gratie
663 613 705 660 ri·

104 684 263 732 ribostotam
273 682 352 744 legem
361 681 444 731 emeat
454 681 582 744 impiere?

134 749 273 810 Proetum,
288 748 452 799 manifestum
465 758 544 799 estex
559 748 609 798 alia
622 749 704 810 scrip·
760 757 806 805 11,
820 753 955 815 Quoniam
964 751 1098 806 antemi„
1110 753 1168 820 1030

103 822 179 898 ΨΜ,
196 817 264 880 (tuM
280 829 325 882 1³²¹
344 817 424 880 legem
443 831 519 868 nemo
539 818 608 881 aiud
624 818 704 866 ”eum
726 829 1063 898 nemojustiiicaturapud
1070 833 1166 893 iteum

102 888 267 949 remeatur,
279 887 323 938 sed
335 901 380 952 per
392 888 487 939 iidem:
726 909 902 963 manifestum
914 916 974 972 ως

133 977 198 1027 Dicit
217 980 287 1028 enim
305 979 400 1028 Babae·
419 981 471 1028 2.i
489 992 497 1027 t
514 979 601 1030 lustu!
614 978 704 1029 infide
726 989 794 1050 Quia
803 987 940 1055 justusex
958 987 1015 1041 fide
1029 986 1108 1040 vivit,

103 1046 182 1106 sirit,
203 1046 328 1110 spirituaii
345 1046 441 1097 scilicet
456 1049 549 1095 anime
570 1049 642 1107 vita,
659 1061 703 1097 seu

104 1115 184 1174 gratia
199 1115 370 1175 iustitieente,
384 1117 458 1175 cujus
470 1115 536 1164 basis
546 1121 584 1164 est
601 1115 672 1165 iides.

133 1181 184 1230 ber
199 1186 286 1231 antem
300 1195 353 1231 non
372 1181 416 1230 dat
434 1180 529 1240 idem,
545 1194 594 1231 nec
609 1184 704 1231 nititur
760 1185 807 1237 tt.
818 1185 873 1236 Lex
889 1187 982 1235 autem
997 1197 1057 1236 nou
1070 1188 1114 1237 est
1134 1195 1168 1237 ex

104 1250 169 1311 tide,
180 1250 225 1300 sed
240 1249 360 1314 legalium
371 1249 544 1299 observatione
556 1267 563 1297 ι
728 1263 782 1316 fide
795 1278 803 1314 2

133 1467 227 1526 Estque
245 1465 350 1513 tertium
364 1470 559 1525 argumentum,
572 1461 640 1524 quod
664 1464 700 1512 sic
724 1465 807 1526 potest
824 1461 944 1526 explicari
964 1465 989 1510 et
1009 1462 1038 1510 in
1059 1460 1167 1512 termam

104 1536 181 1596 redigi
196 1553 203 1583 e

134 1605 244 1654 Tantum
256 1603 326 1654 abest
345 1607 374 1652 ut
390 1603 432 1654 lex
445 1602 581 1666 justificet,
595 1603 711 1664 quinimo
724 1604 872 1665 quicunque
888 1601 951 1664 legis
965 1613 1042 1664 opera
1053 1604 1081 1652 et
1090 1613 1166 1652 eure

103 1677 203 1725 manias
222 1675 258 1723 ita
275 1676 399 1734 sectatur,
417 1677 447 1722 ut
464 1675 492 1721 in
509 1674 546 1723 eis
566 1677 591 1722 et
609 1684 640 1721 ex
650 1674 687 1723 eis
699 1675 826 1733 justitiam
841 1674 957 1734 ιιιιιιιιιιι
967 1677 994 1721 et
1003 1675 1165 1735 exspectent,

103 1744 276 1796 maledictioni
292 1747 316 1792 et
334 1743 462 1804 punitioni
474 1744 526 1791 sint
543 1741 655 1791 obnoxii.

133 1813 255 1863 Probatur
267 1825 312 1875 per
327 1814 408 1875 ipsam
418 1812 518 1874 legemz
534 1813 664 1874 seriptum
674 1818 718 1862 eet.
732 1810 833 1861 beuter.
845 1813 886 1861 27.
900 1813 939 1860 16.
953 1809 1102 1861 lebetem
1112 1824 1166 1862 oar-

102 1884 141 1932 m'e
156 1883 201 1943 put
212 1895 262 1931 noe
271 1887 401 1943 puoteoet
412 1883 441 1930 io
455 1881 613 1930 sermonibus
629 1879 691 1942 lepis
708 1879 798 1942 hujus,
812 1893 855 1929 ιιι
870 1893 912 1929 ece
924 1892 997 1941 opere
1007 1878 1121 1942 perfecit.

131 1951 203 2002 Unde
216 1950 245 2000 tit
259 1955 439 2012 argumentum
450 1969 458 2000 ι
471 1949 620 2011 Quicunque
631 1948 711 2011 legem
721 1949 835 2011 aliquam
844 1949 937 2009 violat,
949 1953 987 1998 est
998 1949 1163 2000 maledictus:

102 2023 172 2083 atqui
192 2031 281 2069 omnes
297 2020 342 2080 qui
357 2023 418 2068 sunt
432 2018 479 2068 sub
493 2016 559 2078 iege,
573 2017 654 2078 legem
666 2016 763 2066 riolant
771 2037 779 2076 ;
795 2019 816 2066 si
831 2018 900 2066 enim
910 2015 988 2066 iidem
1003 2017 1123 2068 excludas
1134 2017 1164 2068 ab

102 2103 133 2141 ea
142 2127 150 2148 ,
160 2102 213 2138 non
225 2088 268 2138 det
285 2087 419 2138 obediendi
431 2087 499 2139 vires
506 2106 516 2150 i
527 2099 584 2149 ergo
601 2097 689 2136 omnes
704 2087 749 2147 qui
764 2089 826 2136 suut
837 2085 885 2136 sub
898 2085 969 2148 iege,
984 2089 1009 2135 et
1022 2086 1052 2136 in
1063 2098 1094 2137 ea
1106 2098 1165 2138 con·

101 2158 200 2216 iidunt,
214 2160 276 2207 sunt
289 2156 427 2206 maledicti.

131 2228 208 2288 iiajor
227 2229 265 2275 est
281 2237 312 2274 ex
330 2228 385 2288 ipsa
404 2226 474 2287 iege.
486 2226 570 2276 minor
582 2227 735 2289 experientia
746 2228 854 2277 constat.
866 2227 918 2275 Hoc
931 2225 998 2274 enim
1006 2224 1103 2288 jupam
1118 2231 1161 2282 ert,

3 2290 11 2307 “
102 2298 169 2360 quod
177 2308 254 2357 neque
268 2309 329 2353 noe,
345 2308 423 2356 oeque
433 2301 520 2357 potres
528 2297 608 2346 nostre·
619 2303 721 2358 pertore
732 2297 878 2359 potuimus,
889 2297 926 2343 ait
937 2293 966 2342 i).
979 2295 1046 2343 Petr.
1059 2295 1116 2345 het.
1126 2296 1161 2344 15.

131 2367 182 2415 Lex
190 2364 311 2426 lubebat3
322 2377 374 2413 non
386 2365 560 2424 obedientem,
572 2378 615 2414 seu
626 2368 695 2425 jussa
707 2378 759 2414 non
775 2368 919 2414 servantem
934 2362 1102 2414 maledicebat
1116 2383 1122 2413 ι
1138 2369 1161 2414 ιι

101 2437 177 2497 quie,
188 2435 238 2483 nisi
252 2432 313 2482 iides
328 2437 356 2483 iu
369 2433 499 2482 Christum
511 2438 649 2483 venturum
663 2434 807 2492 accederet,
824 2432 864 2483 lex
881 2432 1015 2481 ohedIeudi
1033 2435 1102 2482 vires
1113 2445 1161 2482 non

84 2503 193 2562 dabat,
213 2501 275 2551 binc
292 2500 332 2550 ier
350 2500 403 2550 sola
423 2501 596 2560 considerata,
616 2501 718 2551 tanturn
734 2502 803 2550 abest
817 2507 846 2551 ιιι
856 2500 1007 2562 testificaret
1018 2505 1044 2550 et
1061 2501 1160 2552 benedi-

102 2577 187 2633 ceret:
200 2569 315 2633 quinhnb
331 2570 503 2620 maledictioni
516 2570 675 2630 subiiciebat.

130 2642 202 2691 Tunc
216 2653 273 2702 ergo
290 2642 356 2689 sicut
372 2645 397 2690 et
415 2653 502 2699 nunc,
519 2640 534 2688 a
553 2639 602 2688 tide
613 2640 719 2689 debebat
732 2643 792 2690 oriri
802 2638 966 2701 rusussutto,
980 2652 1042 2690 cum
1053 2640 1102 2691 hoc
1112 2639 1159 2690 dis·

100 2713 220 2771 erimine,
231 2711 298 2773 quod
309 2715 370 2761 tunc
385 2713 400 2760 a
413 2710 462 2758 tide
473 2713 500 2759 in
511 2710 641 2759 Christum
654 2715 806 2771 ventarum3
819 2724 889 2760 nunc
903 2709 978 2759 aiide
994 2712 1022 2759 in
1036 2711 1159 2761 Christum

100 2795 146 2845 pro
160 2783 233 2832 nobis
246 2786 392 2844 mortuum,
409 2787 434 2831 et
449 2782 464 2830 a
479 2781 529 2830 Deo
546 2783 705 2831 suscitatum.
720 2780 781 2831 Vide
801 2795 828 2831 n.
849 2783 897 2841 25,
909 2779 972 2831 tides
989 2783 1019 2831 iu
1035 2781 1158 2834 Christum

102 2853 149 2902 iuit
166 2855 282 2902 omnium
295 2853 448 2902 seculorum.

131 2944 170 2991 ti.
187 2940 312 3000 Quoniam
328 2946 413 2989 ouem
430 2940 458 2987 ic
475 2939 556 3002 iope...

45 3050 48 3055 1
131 3030 169 3076 12.
182 3029 230 3076 bea
240 3034 325 3076 autem
335 3040 385 3075 coc
395 3032 430 3074 est
445 3039 473 3074 ee
485 3027 563 3088 fide...

129 3095 159 3144 i).
171 3095 281 3144 'ihomas
298 3095 345 3144 hos
363 3093 427 3142 duos
437 3106 525 3142 versus
542 3096 622 3143 nectit
635 3109 696 3144 oum
711 3094 881 3158 precedenti,
894 3097 966 3156 quasi
985 3097 1094 3158 probent
1103 3095 1157 3157 legis

101 3161 322 3222 insufficientiam,
343 3173 395 3210 non
414 3161 522 3212 valentis
535 3163 550 3211 d
564 3161 700 3212 maledicto
713 3165 840 3223 eximerer
856 3165 916 3225 quia
942 3176 994 3212 uon
1011 3169 1095 3227 potest
1107 3167 1156 3226 ius·

100 3231 205 3282 titicare.

129 3301 181 3350 iioc
198 3304 284 3349 autem
302 3299 434 3363 Apostolus
453 3302 542 3364 probat
560 3303 587 3351 in
601 3303 712 3353 secunda
725 3303 820 3364 iigura,
836 3304 872 3352 ait
884 3303 914 3353 b.
926 3302 1048 3354 Thomas.
1063 3303 1156 3355 iosuae

100 3375 137 3421 est
151 3382 182 3419 ex
195 3369 258 3430 tide,
272 3371 316 3419 sed
333 3370 374 3419 lex
394 3384 445 3420 non
460 3376 497 3421 est
516 3385 546 3421 ex
563 3371 631 3433 tide,
648 3385 706 3434 ergo
723 3387 775 3422 non
793 3376 874 3435 potest
883 3371 1032 3433 justiiicare.

128 3438 177 3488 Sed
196 3438 330 3501 probabilis
352 3439 452 3489 ridetur
468 3453 559 3489 noram
573 3440 616 3490 hie
633 3446 658 3490 et
677 3447 793 3503 quartam
815 3442 931 3491 interseri
947 3443 1090 3504 rationem,
1105 3449 1155 3504 quit

98 3507 185 3571 probet
197 3518 249 3556 uon
265 3520 296 3557 ex
314 3508 386 3569 iege,
406 3509 450 3559 sed
465 3521 494 3558 er
510 3508 559 3559 ilde
576 3509 688 3570 Christi,
707 3522 761 3559 esse
771 3511 906 3569 justitiam.

128 3576 155 3626 id
167 3588 225 3637 ergo
235 3577 323 3639 probat
333 3579 485 3626 auctoritate
496 3578 624 3627 Habacuc.
637 3581 661 3626 ι.
674 3581 697 3626 i.

127 3659 461 3723 tenuereparcae
476 3659 526 3722 fide
536 3661 601 3708 eicit
611 3680 620 3708 .·
631 3659 671 3709 lex
684 3673 737 3709 nen
750 3659 794 3710 dat
806 3660 883 3710 fidem
894 3673 970 3722 ,ergo
982 3673 1030 3712 nec
1041 3663 1153 3726 spiritua-

98 3725 147 3776 lem
157 3728 249 3776 euimae
258 3729 338 3776 vitam
349 3743 357 3778 a
369 3740 427 3788 ergo
438 3727 602 3776 manifestum
613 3728 729 3790 estquod
741 3742 816 3778 nemo
829 3729 898 3792 apud
915 3729 996 3778 ὓιιιιιι
1007 3731 1153 3791 justificatur

98 3795 190 3857 iuiegc
202 3799 228 3844 et
246 3808 290 3857 per
302 3795 393 3856 legem.

126 3865 176 3914 Lex
185 3864 287 3927 quidem
299 3863 461 3926 promittebat
470 3865 550 3912 ritem
566 3863 609 3912 bic
627 3865 727 3915 ieiicem
741 3872 766 3917 et
778 3880 923 3930 prosperam
935 3887 943 3928 ς
956 3868 1012 3917 ideo
1024 3869 1102 3929 dicit,
1113 3864 1151 3929 pti

98 3931 182 3994 {ecem
194 3946 239 3995 eu,
248 3935 315 3986 cicer
323 3934 352 3983 io
362 3932 416 3985 itte
423 3949 434 3995 ‚·
446 3932 490 3983 sed
499 3944 552 3983 aon
565 3933 641 3984 debu
652 3937 731 3986 vitam
740 3936 896 4001 spiritualem
905 3940 931 3987 et
939 3936 1053 3990 dirim
1061 3939 1148 3996 matie.
