2512 4424
149 247 201 298 non
573 252 796 303 humuncio.

149 344 217 402 tum
240 342 613 408 hereticosSimonianos
632 344 720 426 seque
735 343 887 426 percutit,
901 343 974 422 quia
989 342 1131 421 utrique,
1145 344 1209 404 tam

150 446 180 506 in
193 445 334 541 morihus
347 446 442 527 quam
455 449 486 511 in
501 448 564 512 lide
578 451 759 530 peccabant.
829 476 833 482 ·

163 562 165 566 ‘
188 553 284 631 lluJus
298 553 444 623 Eoistolae
456 557 557 636 stylus
570 574 633 637 prae
647 555 768 620 ceteris
782 557 832 618 est
848 555 1021 629 obscurus,
1039 552 1082 614 oh
1094 553 1212 632 myste-

148 657 283 737 riorum,
299 659 466 739 dequibus
484 661 573 742 agit,
590 660 838 742 profunditatem
853 662 886 722 et
909 660 1120 738 conceptuum
1137 656 1211 719 suh-

149 755 312 827 limitatem
324 783 402 844 quas
415 782 474 828 nec
487 783 611 843 sermo,
629 783 688 828 nec
701 766 808 844 lingua
821 763 914 826 ctiam
928 761 1100 847 apostolica
1118 758 1210 823 valuit

108 888 111 897 ’
148 868 330 947 adaequare,
345 867 418 933 licet
435 870 667 934 sublimioribus
680 869 784 935 verbis
798 885 875 944 usa,
890 865 988 947 quhm
999 866 1063 928 ulla
1075 880 1209 944 unquam

147 974 410 1055 humanalingua.

186 1077 277 1144 Certe
286 1081 387 1160 stylus
402 1080 446 1143 ita
456 1077 753 1144 dissonathcaeteris
763 1077 849 1142 Pauli
859 1078 1003 1158 Epistolis
1016 1079 1073 1156 ,ut
1086 1075 1208 1139 alterius

146 1183 244 1247 videri
267 1187 395 1264 posset,
418 1184 478 1247 nisi
502 1187 613 1265 pectus
636 1187 669 1246 et
692 1182 815 1246 indoles
837 1182 971 1245 Paulinae
992 1180 1110 1244 mentis
1133 1181 1207 1242 hanc

145 1305 274 1368 prorsus
293 1289 336 1351 illi
353 1289 543 1368 vindicaret,
559 1289 602 1352 ait
609 1292 773 1371 Erasmus.

184 1397 219 1455 ln
234 1394 293 1455 hac
310 1397 418 1456 autem
430 1393 567 1473 Epistola
580 1392 742 1474 speciatim
755 1391 916 1457 observari
936 1394 1042 1472 potest
1064 1392 1149 1472 quod
1172 1392 1206 1454 de

146 1498 291 1560 omnibus
301 1498 368 1561 aliis
378 1499 544 1562 incarcere
554 1499 677 1579 scriptis
687 1501 837 1562 notarunt
850 1497 951 1561 sancti
959 1500 1088 1576 Patres,
1099 1499 1203 1578 maior,

145 1602 282 1682 scilicet,
295 1603 473 1683 sapientiae,
488 1603 615 1684 spiritus
631 1607 664 1669 et
673 1603 806 1669 fervoris
822 1601 1016 1679 eructantia,
1030 1603 1121 1683 quasi
1133 1606 1207 1666 Pau·

126 1707 243 1795 slinum
259 1712 369 1788 pectus
392 1708 432 1771 ad
452 1707 637 1788 martyrium
660 1709 831 1788 anhelans,
846 1707 1052 1788 martyriique
1074 1710 1205 1788 flagrans

144 1812 319 1893 desiderio,
342 1815 451 1878 lumen
465 1816 499 1877 et
519 1813 626 1893 ignem
642 1813 783 1880 divinum
801 1813 974 1894 aspiraret,
994 1817 1027 1877 et
1050 1815 1203 1897 suspirans

21 1914 37 1943 ⁴
144 1922 310 1983 eructaret.

181 2029 266 2087 Hanc
280 2023 451 2103 Epistolam
463 2023 496 2087 in
511 2023 645 2088 vinculis
665 2022 793 2103 quidem
805 2022 954 2103 scriptam
971 2023 1072 2088 tuisse
1087 2027 1203 2089 constat

144 2147 186 2194 ex
198 2131 266 2210 ipso
285 2128 358 2193 divo
372 2128 486 2205 Paulo,
501 2128 553 2207 qui
571 2128 732 2191 multoties
750 2128 791 2191 de
804 2128 842 2191 iis
856 2127 888 2190 in
900 2127 968 2206 ipsa
981 2127 1121 2206 loquitur
1132 2153 1142 2208 3
1155 2126 1203 2206 sed

144 2235 256 2312 quihus
274 2233 306 2294 in
319 2232 449 2295 vinculis
463 2233 578 2312 scripta
590 2233 702 2311 luerit,
723 2250 764 2295 an
781 2232 814 2294 in
831 2230 964 2312 primis?
985 2250 1026 2294 an
1043 2233 1077 2294 in
1098 2249 1202 2296 secun-

144 2337 215 2400 dis?
233 2336 403 2400 dubitatur.

44 2448 47 2454 ’
181 2441 397 2504 Theodoretus
417 2443 483 2506 vult
501 2441 658 2522 inprimis
676 2442 809 2507 vinculis
828 2443 993 2524 scriptam,
1006 2432 1052 2507 ⁴et
1072 2464 1130 2526 per
1149 2449 1200 2525 Ty·

142 2547 266 2609 chicum
277 2546 426 2625 missam,
438 2544 501 2608 una
514 2564 587 2610 cum
601 2545 739 2626 Epistola
749 2546 789 2608 ad
796 2541 1003 2611 'colossenses
1019 2573 1027 2611 :
1042 2549 1076 2612 in
1089 2551 1198 2630 praelat.

142 2652 174 2712 in
188 2651 279 2730 epist.
297 2655 331 2713 l).
347 2650 442 2712 Pauli.

180 2754 330 2818 Earonius
344 2756 411 2817 vult
420 2755 453 2816 in
462 2754 568 2834 primis
582 2753 710 2833 quidem
726 2755 891 2837 scriptam,
912 2759 945 2820 et
964 2775 1021 2838 per
1040 2761 1198 2840 Tychicun

40 2849 45 2858 ’
140 2860 287 2938 missam,
309 2858 366 2922 sed
384 2876 456 2921 cum
474 2857 611 2938 Epistola
630 2859 671 2920 ad
690 2859 889 2924 Timotheum
907 2862 1070 2942 secunda,
1090 2882 1141 2928 an.
1155 2868 1196 2927 62.

178 2959 252 3027 Aliis
264 2961 340 3027 vero
353 2964 463 3027 volunt
476 2979 549 3025 cum
566 2963 717 3042 Baronio,
732 2964 861 3028 missam
878 2968 1124 3048 perTyohioum
1136 2984 1197 3032 curn

69 3113 72 3122 ,
140 3066 276 3144 Epistola
299 3051 437 3130 secunda
460 3066 501 3129 ad
523 3067 721 3131 Timotheum
743 3091 751 3130 ι
770 3069 828 3131 sed
849 3070 923 3133 hinc
944 3071 1086 3137 inierunt
1108 3076 1197 3138 inse·

140 3169 250 3232 cundis
271 3171 401 3234 vinculis
424 3169 593 3249 scriptam,
619 3171 700 3234 sicut
722 3175 755 3235 et
775 3173 914 3237 secunda
937 3176 979 3237 ad
1007 3178 1195 3242 Timotheum

140 3273 255 3353 scripta
266 3276 326 3337 luit
345 3275 378 3337 in
395 3273 541 3338 secundis
560 3275 711 3354 vinculis,
729 3277 842 3340 ultimo
854 3278 927 3341 vitae
946 3282 1085 3346 Paulinae
1103 3300 1150 3347 an.
1162 3280 1194 3343 6⁵

140 3381 193 3440 aut
210 3382 259 3441 66.
517 3440 519 3446 s
545 3432 549 3441 .

177 3483 251 3547 Vide
269 3483 432 3546 dominum
452 3481 492 3545 de
506 3485 692 3561 'tillemont,
703 3487 778 3548 nota
801 3492 858 3567 78,
873 3487 906 3552 in
923 3493 959 3554 l).
975 3493 1118 3556 Paulum.
1136 3493 1196 3554 lli-

138 3589 264 3661 moires,
282 3596 335 3648 etc.
352 3595 422 3648 tom.
440 3595 468 3652 l.
620 3586 626 3602 “
