2512 4424
126 240 161 294 aa
294 215 476 295 saturum
495 190 693 292 a'ersroun
713 238 761 288 aa
779 230 1021 289 coniuratos

156 331 221 385 burn
234 337 302 386 enim
314 336 507 398 perpendimus,
521 335 580 395 quia
595 335 646 394 ipse
659 345 724 380 unus
740 333 923 384 'AEstimaotes
937 330 1001 391 hoc,
1016 323 1150 392 quoniam
1167 320 1192 374 si

126 402 259 468 pronubis
277 404 395 453 omnibus
406 407 522 453 mortuus
535 405 573 450 est
589 403 616 449 in
633 411 724 459 cruce,
746 424 820 461 unus
841 423 892 475 ppo
911 406 1041 460 omnibus
1062 407 1194 454 mortuus

127 470 192 521 nihil
210 470 240 519 de
259 473 327 531 rita,
343 469 409 519 nihll
428 469 459 519 de
479 469 546 519 lama
565 481 611 517 sua
633 480 725 517 curans
747 492 804 550 esp,

127 544 227 603 propter
243 553 305 600 nos;

156 609 220 659 lllnc
235 608 367 659 interimus
383 607 451 670 quod
466 620 553 657 omnes
567 610 592 656 et
604 607 661 656 ideo
679 619 725 655 nos
747 607 820 670 Ergo
834 614 931 654 omnes
944 598 1047 652 mortui
1058 601 1143 661 sunt3

128 679 175 740 ipsi
190 691 279 728 sumus
291 679 404 737 mortui,
419 689 463 726 seu
476 680 575 725 aeternae
589 677 664 725 morti
682 674 726 724 ob

127 748 206 796 noxii.

157 815 189 864 lit
200 814 262 864 dum
279 815 456 878 perpendimus
469 813 536 876 quod
546 813 602 863 ideo
612 825 658 875 pro
669 825 726 862 om·
783 824 873 874 451st
889 835 940 886 pm
961 817 1093 872 omnihus
1113 827 1195 868 mor..

127 884 203 934 nibus
216 889 332 934 mortuus
352 889 390 935 est
406 884 536 945 Christus,
550 887 579 933 ut
593 885 612 933 ii
625 885 670 944 qui
688 885 727 933 vi·
748 909 814 954 tuus
833 907 874 953 est
894 899 1033 958 Christum
1050 900 1082 948 ut
1096 900 1124 948 et
1144 894 1196 962 qui

128 958 192 1004 runt
210 957 320 1005 naturali
340 956 413 1017 rita,
433 957 488 1015 jam
508 967 560 1004 nou
584 957 684 1016 propter
700 965 727 1001 se
749 980 843 1031 vivunt
856 1017 862 1040 ,
873 976 930 1043 jam
945 989 1003 1028 non
1016 973 1070 1025 sphi
1083 971 1192 1034 vivant,

127 1022 551 1150 ᾘῇηῗζᾚᾈῗθὲὲζῇξξῗῃω
561 1023 727 1083 quiprolpsis
750 1058 800 1111 sed
809 1057 849 1120 ei,
864 1055 910 1122 qui
924 1068 974 1120 pro
987 1053 1057 1121 ipsis
1064 1057 1196 1105 mortuus

158 1158 223 1208 llinc
246 1159 379 1208 interimus
401 1159 468 1219 quod
491 1172 542 1209 non
574 1160 664 1221 nobis,
684 1161 728 1210 sed
750 1142 810 1201 ⁸⁵22
824 1133 1023 1188 &resurrexit-

129 1223 226 1275 Christo
236 1226 395 1289 Redemptori
407 1231 493 1277 nostro
503 1230 587 1278 vivere
599 1229 727 1280 debemus.

127 1347 1195 1372 ---—-·r---—·--—--—--—-—-—--·

161 1421 318 1470 AEstimcrttes
330 1421 405 1470 boc...
423 1420 449 1469 id
469 1425 521 1481 est,
534 1420 596 1469 dum
612 1422 682 1470 enim
702 1423 769 1484 apud
785 1436 831 1472 nos
847 1421 912 1471 serio
933 1419 1114 1482 perpendimus
1131 1417 1195 1478 boc,

130 1489 242 1548 scilicet,
257 1490 378 1550 quoniam
388 1491 411 1538 si
424 1503 503 1549 urus,
516 1489 543 1538 ld
556 1493 608 1550 est,
620 1489 688 1551 quod
695 1527 703 1552 ,
715 1491 919 1554 quandoquidem
935 1491 988 1552 ipse
999 1503 1067 1540 unus
1079 1502 1128 1553 pro
1140 1501 1197 1538 cm-

129 1559 204 1608 nibus
217 1564 331 1606 mortuus
344 1565 407 1609 est...
859 1578 864 1596 ·

160 1642 229 1702 Erpo
241 1653 323 1689 omres
333 1643 430 1691 mortui
441 1647 508 1692 sunt.
520 1641 586 1691 Hinc
597 1641 729 1693 interimus
741 1643 808 1704 qubd
820 1657 902 1692 omnes
912 1641 1008 1692 mortui
1015 1647 1092 1700 sart,
1101 1643 1127 1691 at
1137 1652 1198 1707 cou-

131 1713 264 1770 sequenter
274 1721 320 1759 nos
335 1712 384 1772 ipsi
395 1713 491 1760 mortui
505 1725 610 1772 sumus,
625 1712 651 1760 id
663 1716 700 1761 est
712 1749 718 1772 ,
731 1718 830 1762 aeternae
843 1713 918 1760 morti
929 1712 1040 1760 obnoxii.

160 1779 208 1828 Pro
223 1780 340 1828 omnibus
353 1779 501 1828 hominibus
520 1779 551 1828 ab
568 1783 662 1829 aeterna
676 1783 757 1828 morte
772 1781 925 1830 redimendis
943 1779 1059 1829 Christus
1079 1783 1198 1828 mortuus

85 1893 87 1897 Α
132 1850 187 1896 ost:
202 1860 259 1908 ergo
273 1851 298 1897 et
310 1860 355 1910 pro
371 1848 444 1897 nobis
464 1849 526 1910 ipsis
544 1851 662 1896 mortuus
676 1853 722 1896 est.
736 1848 827 1897 Mortui
847 1861 961 1908 eromus;
976 1852 1000 1896 et
1016 1847 1151 1911 pronubis
1166 1847 1198 1896 ab

131 1921 224 1966 aeterna
245 1921 325 1966 morte
341 1917 476 1967 liberandis
495 1921 613 1966 mortuus
633 1920 671 1967 est
689 1917 813 1967 Christus.
834 1917 1011 1966 Oimmensal
1035 1915 1051 1985 d
1069 1917 1152 1966 nimia
1173 1918 1199 1964 et

131 1988 208 2037 nimis
222 2000 312 2048 urgens
324 1988 450 2038 charitas!
932 1996 937 2003 ’

161 2056 207 2105 lllc
220 2055 291 2105 locus
302 2056 467 2105 illustrandus
479 2059 504 2105 et
516 2055 681 2118 explicandus
695 2067 725 2104 ex
738 2068 767 2104 eo
784 2059 828 2116 qui
840 2060 877 2105 est
888 2056 980 2118 Ephes.
992 2059 1017 2117 2,
1029 2070 1057 2105 n.
1072 2059 1106 2117 3,
1118 2057 1134 2104 i
1145 2091 1153 2116 ,
1166 2056 1197 2116 ὂς

131 2124 231 2174 videtur
248 2127 317 2174 enirn
331 2124 398 2186 quid
416 2123 484 2185 apud
501 2136 528 2173 se
548 2124 734 2185 perpendebat,
750 2124 864 2184 quodibi
880 2125 942 2174 dixit
953 2125 1096 2188 Apostolus.

162 2208 272 2255 Eremos
287 2207 381 2259 notaret
399 2205 449 2268 filii
462 2205 526 2264 c'roe,
543 2206 608 2254 sicut
626 2206 715 2254 caeteri.

162 2289 229 2337 Deus
242 2294 347 2347 cutem,
370 2289 414 2350 paci
433 2289 500 2338 dives
511 2293 545 2338 cst
561 2289 588 2336 in
605 2289 798 2347 misericordia,
811 2295 914 2352 propter
926 2290 1033 2338 nimiam
1047 2289 1199 2338 charitatem

132 2371 222 2417 suern,
239 2358 290 2419 qod
306 2359 460 2415 dilectores,
478 2363 500 2407 ct
514 2357 571 2406 calm
584 2372 690 2407 essemus
705 2360 803 2407 mortui
818 2361 940 2420 peccatis,
956 2359 1144 2420 conviviticavit
1154 2374 1199 2410 aas

131 2431 160 2477 in
177 2428 287 2484 Christo,
303 2427 374 2489 cujus
388 2428 474 2489 pratici
489 2429 585 2477 salvati
601 2429 659 2477 estas
667 2446 676 2488 ,·
690 2435 713 2477 et
727 2430 945 2486 conresuscitavit,
965 2437 1008 2477 etc.

104 2538 107 2543 .
162 2495 252 2545 Confer
266 2496 320 2544 haec
331 2496 400 2556 loca,
412 2502 437 2544 et
448 2495 545 2545 videbis
560 2496 627 2557 quod
648 2497 690 2548 hic
705 2497 812 2546 breviter
824 2499 958 2559 exprimit,
973 2496 1016 2546 sed
1027 2499 1117 2548 revera
1130 2499 1198 2549 idem

133 2565 200 2629 apud
212 2577 238 2614 se
249 2567 341 2626 cogitat
354 2569 379 2614 et
388 2567 478 2627 sentit,
490 2565 557 2627 quod
569 2566 603 2615 ibi
616 2565 696 2616 insitis
707 2566 822 2628 explicat.

162 2635 302 2694 Mediam,
316 2635 473 2697 perpendens
489 2641 514 2685 et
531 2639 666 2697 penetrans
685 2634 778 2684 Paulus
797 2636 947 2683 immensam
962 2634 1133 2698 charitatem,
1149 2637 1198 2700 qui

131 2705 245 2756 Christus
261 2718 306 2767 pro
327 2705 437 2754 Paulod
459 2710 540 2755 morte
557 2705 687 2755 liberando
707 2709 824 2754 mortuus
846 2708 900 2765 est;
922 2704 1015 2755 Paulus
1035 2706 1154 2770 ardebat,
1175 2711 1199 2757 et

132 2775 265 2837 urgebatur
280 2774 328 2824 haic
341 2773 422 2823 nimia
433 2773 525 2823 Christi
537 2774 670 2823 charitate

164 2871 202 2920 tt.
221 2871 254 2918 Et
270 2883 318 2930 pro
339 2870 455 2919 omnibus
469 2875 585 2919 mortuos
602 2875 665 2917 est...
682 2869 786 2930 supple,
807 2873 832 2917 et
851 2869 998 2929 (estimantes
1012 2871 1136 2930 proriam
1151 2885 1198 2934 pro

132 2939 248 2989 omnibus
259 2944 404 2987 mortuos...
414 2950 476 2997 seu,
489 2942 514 2986 et
525 2938 587 2986 dum
600 2941 721 2998 praeterea
732 2937 799 2997 apud
809 2950 855 2986 nos
866 2937 930 2985 sarid
941 2939 1123 3000 perpendimus
1132 2939 1200 3002 quod

132 3009 189 3057 ideo
210 3019 255 3069 pro
269 3006 387 3055 omnibus
400 3007 415 3054 a
428 3009 510 3054 morta
528 3005 664 3054 liberandis
680 3010 704 3053 et
726 3006 890 3066 spiritualiter
905 3006 1063 3057 vivificandis
1081 3007 1201 3059 mortuus

134 3078 188 3136 est;
205 3081 233 3123 ut
253 3080 275 3123 et
291 3076 336 3136 poi
355 3075 452 3131 vivuat,
466 3074 521 3136 jam
539 3088 589 3122 uon
608 3074 658 3122 sibi
671 3076 773 3132 rrioorct,
787 3076 828 3123 sed
848 3076 870 3123 ei
883 3075 956 3135 poi...
969 3075 995 3123 id
1009 3079 1063 3136 est,
1079 3081 1109 3126 ut
1122 3079 1142 3128 ll
1156 3080 1200 3141 qui

133 3156 178 3208 per
190 3146 273 3204 ipsum
284 3146 344 3191 sunt
355 3144 460 3192 amorte
472 3143 569 3191 liberati
580 3161 587 3201 ;
599 3145 623 3190 et
634 3145 712 3191 vitam
724 3145 809 3203 gratiae
821 3143 964 3204 possident;
976 3157 1027 3193 oon
1036 3145 1089 3195 sibi
1098 3148 1200 3205 cicant,

134 3213 179 3264 sed
192 3213 290 3262 Christo
301 3213 453 3274 redemptori
467 3224 529 3271 suo,
542 3213 586 3273 poi
601 3226 649 3273 pro
662 3213 696 3260 eis
712 3218 827 3261 mortuus
839 3218 873 3261 cst
890 3218 912 3261 et
924 3215 1082 3264 resurrexit:
1095 3229 1142 3266 seu
1157 3221 1201 3279 qui
1235 3241 1243 3247 -

135 3295 177 3332 eos
193 3283 217 3330 et
230 3281 245 3329 a
259 3283 339 3330 morta
350 3280 466 3329 liberavit
477 3279 523 3329 sud
536 3280 637 3342 proprii
648 3284 747 3340 morte,
759 3283 784 3328 et
799 3293 841 3330 eos
854 3280 900 3329 sut
916 3284 1102 3332 resurrectione
1114 3296 1201 3334 resus-

135 3351 232 3400 citavit.

168 3423 260 3473 Confer
275 3424 381 3472 citatum
394 3422 480 3472 lorum
494 3423 586 3485 supra,
605 3423 788 3485 coomcificooit
804 3428 826 3472 et
838 3424 1048 3476 conresuscitavit.

166 3497 231 3545 llinc
243 3496 376 3546 interimus
387 3496 455 3558 quod
472 3510 518 3545 nos
537 3501 561 3546 et
577 3510 683 3557 omnes,
697 3499 742 3558 qui
753 3497 801 3546 haic
818 3499 941 3546 immensa
953 3497 1046 3548 Christi
1058 3501 1200 3564 charitate,

135 3567 167 3615 ab
182 3570 275 3615 aeterna
293 3570 374 3615 morte
390 3579 479 3614 sumus
498 3565 613 3625 liberati,
631 3570 655 3614 et
671 3567 757 3616 divini
775 3567 861 3626 gratiae
874 3567 926 3614 vita
937 3579 1025 3616 sumus
1039 3574 1200 3634 resuscitati,

136 3647 187 3686 uon
201 3635 289 3694 nobis,
313 3635 356 3684 sed
378 3635 477 3684 Christo
498 3635 633 3685 debeamus
649 3637 751 3696 rivere;
776 3649 829 3684 non
852 3640 952 3697 propter
970 3649 1016 3686 nos
1038 3652 1134 3701 agere,
1158 3641 1202 3692 sed

135 3709 236 3769 propter
257 3706 356 3767 ipsum;
377 3718 428 3754 non
445 3710 530 3754 nostra
549 3718 655 3766 curare,
677 3706 721 3755 sed
738 3718 795 3769 quac
815 3705 875 3765 Dei;
892 3706 927 3754 ita
946 3709 974 3754 ut
992 3711 1080 3759 omnia
1097 3717 1203 3775 propter

134 3773 215 3823 Deum
230 3778 255 3822 et
274 3776 382 3835 proximi
403 3773 510 3823 salutem
528 3774 660 3823 iaciamus.

165 3846 236 3896 Hanc
244 3850 449 3909 consequentiam
460 3850 488 3897 ln
499 3853 584 3898 mente
595 3847 742 3910 Apostolum
753 3848 872 3898 habuisse
882 3852 989 3898 testatur
999 3863 1109 3913 sequens
1118 3858 1202 3905 versi-

137 3913 224 3976 culos,
238 3917 283 3977 qui
303 3918 342 3966 est
359 3915 437 3978 buius
450 3918 634 3979 consequentia
650 3915 715 3966 letus
723 3936 731 3980 ;
746 3916 798 3967 imo
810 3914 866 3966 lraec
885 3918 992 3981 ipsamet
1006 3925 1200 3987 consequentia.
