2512 4424
294 284 465 342 untaunx
483 284 705 348 EXPOSI'HO.
724 295 809 349 clu.
829 295 894 348 vii.
1087 296 1122 347 ’Π

43 374 206 432 meminent
215 375 349 446 holcama,
363 383 502 438 neminem
555 387 687 438 Neminem
708 387 837 448 laesimus,
850 390 979 438 neminem
995 387 1056 439 ialal
1067 389 1126 440 doo-

57 453 254 520 corrupimus,
277 456 417 511 neminem
445 460 503 512 cir.
525 459 592 508 trlnt
605 462 778 522 corrupimus,
796 461 860 510 nihii
874 461 889 509 a
904 463 1025 524 quopiam
1045 466 1128 512 extor-

57 531 266 587 eumvanimus,
525 531 605 579 airuns
614 551 621 591 ς
630 532 712 581 veetrd
727 544 785 594 ergo
793 533 908 583 amicitid
922 545 975 581 non
984 545 1074 583 eumue
1087 535 1128 582 ln-

524 599 650 661 dignlorea
659 637 666 661 ,
675 601 753 661 qnlm
768 603 813 664 qul
829 601 889 652 talla
899 604 1046 665 perpetrant
1058 603 1126 664 apud

93 733 120 794 ὅ.
142 740 204 794 Non
229 739 266 793 ad
288 739 502 795 condemnatio·
523 682 611 789 wlfec
623 752 674 790 non
690 740 817 800 dico‚voe
826 741 1009 801 condemnans,
1022 741 1066 791 sed
1081 754 1127 792 roa

57 823 123 870 nem
143 822 266 870 vegetam
283 818 361 884 (11003
372 820 502 886 pfaedixj.
523 809 645 872 diligens3
668 812 780 869 etenim,
796 814 825 858 ut
836 813 891 870 lum
909 811 961 860 dixi
979 812 1067 872 vobis,
1080 826 1126 864 noe

56 909 120 949 mus
138 895 216 949 enim
228 895 306 962 qugd
320 896 349 948 ᾖ,
369 898 501 950 cordibus
523 885 623 933 estleia
639 883 756 934 cordibus
767 885 875 942 nostris,
886 884 972 944 sicque
985 896 1030 933 roa
1040 885 1125 946 diligi-

56 971 161 1024 „om
173 971 254 1035 estis,
267 971 304 1025 ad
315 974 502 1027 commorien,
522 965 595 1013 mus,
611 957 639 1001 ut
658 951 728 1013 aeque
746 953 828 1013 parati
850 953 930 999 almos
948 963 993 1013 pro
1008 952 1080 1002 rolris
1097 959 1123 1003 ei

58 1047 143 1113 dum,
159 1053 189 1103 gt
200 1048 238 1103 ad
248 1048 463 1103 convivendum·
522 1026 654 1076 vobiscum
665 1027 748 1085 morl,
762 1036 792 1073 ec
807 1025 901 1074 vivere.

88 1130 118 1180 l.
139 1127 224 1181 lluiia
244 1126 315 1181 milri
336 1127 438 1183 dducia
459 1135 500 1184 est
550 1129 625 1179 Vobis
638 1128 717 1179 iibere
731 1127 1122 1192 loquor,qulumaguamlhlil-

58 1202 210 1270 epndvos,
522 1197 598 1248 ducla
616 1201 644 1249 ln
657 1198 737 1248 nobie.
1026 1245 1030 1253 ,

87 1359 175 1422 conire
184 1372 239 1417 noc,
250 1359 340 1421 idest,
354 1367 437 1410 amate
449 1373 510 1422 uos,
524 1374 669 1423 quanquam
681 1376 733 1412 uon
747 1363 824 1424 dixit,
836 1366 928 1423 emate,
939 1363 982 1412 eod
990 1363 1058 1424 quod
1071 1367 1122 1414 mi-

57 1429 208 1478 teratlonem
234 1427 369 1478 redolebat.
395 1431 495 1492 copim,
508 1432 626 1491 quisnam
648 1443 710 1492 nos,
730 1433 827 1492 lnquit,
848 1433 863 1481 d
883 1433 973 1480 nostrie
995 1433 1122 1484 mentium

57 1497 157 1559 abegit?
166 1499 224 1559 qula
242 1499 334 1558 elecltl>
344 1497 406 1560 qnid
417 1511 498 1548 cauea
508 1502 563 1557 est,
576 1501 740 1561 quamobrem
752 1502 780 1549 lu
792 1501 863 1549 vobis
881 1504 1059 1552 coarctemur?
1073 1504 1121 1553 cu-

57 1567 106 1627 pite
125 1578 189 1624 eor,
203 1569 279 1628 atque
295 1566 440 1617 htcruraue
450 1569 548 1618 ratione
563 1571 630 1632 ipone
640 1569 672 1620 ad
687 1582 714 1620 ae
725 1570 848 1633 pertrahit
862 1569 891 1620 1).
903 1570 1105 1632 Chryeoatomue.

82 1639 213 1688 Neminem
230 1639 369 1689 mmor...

57 1712 61 1725 ·
84 1708 327 1760 Vidlstlcltaritutiu
344 1709 457 1760 Paulina
478 1709 609 1761 flammam
630 1717 656 1762 et
672 1712 788 1762 ardorem
803 1714 830 1762 ln
850 1713 936 1764 verbo.
950 1714 1036 1776 cogite
1052 1727 1098 1765 noc
1107 1753 1118 1780 ,

57 1780 137 1827 amate
147 1789 205 1827 noe.

83 1845 131 1896 llic
141 1846 248 1897 observa
260 1844 410 1896 modestiam
421 1850 447 1898 et
462 1847 623 1911 prudentiam
634 1852 697 1910 ejus.
710 1850 764 1899 lion
776 1853 876 1900 enarrat
891 1863 937 1901 sua
950 1853 979 1901 ln
989 1863 1032 1900 eoa
1042 1851 1118 1902 hene·

57 1913 128 1976 licia,
143 1915 177 1965 oh
191 1926 248 1976 quar
260 1913 378 1965 deberent
391 1928 451 1966 eum
464 1930 566 1979 amare;
577 1919 621 1968 aad
641 1919 699 1978 hls,
713 1919 840 1967 modestlae
857 1922 949 1979 cauti,
962 1923 1116 1983 suppressio,

57 1984 190 2043 neminem,
203 1985 303 2046 lnquit,
317 1983 441 2044 lecimoc,
461 1985 489 2035 ld
504 1990 557 2048 aet,
574 1987 640 2038 nihil
654 1987 760 2037 lecimus
782 1986 813 2037 ob
831 1987 899 2050 quod
920 1986 1017 2038 duobis
1030 1989 1117 2040 minda

57 2064 180 2104 ornemur.

81 2123 136 2174 Hoc
151 2122 257 2185 quinem
272 2122 385 2174 modesti
401 2123 479 2186 dicit,
491 2124 534 2175 aed
547 2129 572 2175 et
587 2125 736 2189 prudentem
748 2130 778 2176 ut
794 2129 819 2176 et
831 2126 917 2176 minua
934 2124 1053 2177 molestia
1068 2125 1116 2177 iru-

57 2190 110 2242 teat
127 2194 209 2242 oratio
220 2227 228 2252 ,
238 2195 264 2241 et
280 2193 365 2242 accida
375 2196 460 2243 tamen
475 2194 564 2255 feriat,
576 2197 613 2244 ait
627 2195 656 2244 l).
670 2195 871 2257 Chrysostomue.
946 2229 950 2239 .

83 2258 160 2320 Quasi
172 2259 269 2310 diceret
282 2279 288 2310 ι
303 2260 330 2310 Si
343 2264 473 2311 nemiuem
485 2262 551 2322 lael,
563 2276 609 2312 cur
622 2275 678 2324 ergo
695 2263 808 2313 dmultle
820 2261 906 2313 minda
917 2261 1007 2325 diligor
1016 2298 1024 2325 ,
1032 2265 1115 2315 etmi-

58 2327 101 2378 ude
113 2328 219 2390 diligor,
234 2329 310 2390 quim
323 2330 544 2390 quivosladunta
764 2365 767 2369 .

68 2399 157 2516 11ξωιιιῑ
167 2396 460 2516 hlcsspaeudoepootoloa,
474 2412 582 2462 auosque
598 2413 680 2453 morea
697 2402 820 2452 innocuos
830 2401 928 2450 villosis
938 2399 1040 2451 illoram
1057 2412 1115 2452 mo·

57 2477 68 2515 r
92 2479 122 2517 ue
133 2479 201 2530 eppo
231 2470 251 2516 t.

83 2541 213 2592 Neminem
225 2540 346 2600 mimos,
358 2540 402 2592 Gr.
411 2542 505 2604 injurii
516 2543 657 2593 aiiecimus.
669 2543 725 2607 Syr.
739 2544 767 2593 in
777 2541 998 2605 nomineminiqud
1007 2543 1113 2603 egimus.

83 2616 213 2668 Neminem
228 2620 402 2680 rumpimus,
416 2617 479 2669 falae
496 2618 624 2681 doctrina,
637 2625 682 2670 aut
694 2619 761 2670 malo
778 2618 900 2681 exemplo.
1011 2676 1014 2680 ,

83 2691 213 2742 licouieem
223 2686 449 2751 'circumvenimnr,
463 2693 554 2753 idest,
566 2697 695 2744 neminem
707 2693 895 2751 mandavimus,
907 2703 947 2740 res
960 2689 1028 2740 llilua
1040 2689 1112 2752 doio,

56 2759 93 2811 tel
102 2764 158 2812 arte
170 2765 354 2823 extorquentes.
370 2762 502 2813 Neminem
513 2763 646 2826 depraedati
662 2776 768 2822 aumas,
784 2765 820 2811 alt
830 2759 905 2810 drab.
916 2762 1007 2810 versio.

83 2829 134 2881 Gur
150 2841 210 2891 crgo
221 2830 307 2880 minda
317 2832 332 2880 d
342 2831 414 2882 robis
428 2832 570 2894 diligimur,
581 2833 658 2894 quam
679 2834 722 2893 qui
738 2831 798 2880 talin
811 2832 954 2893 perpetrant
964 2827 1032 2890 apud
1047 2831 1114 2879 aaa?

81 2898 135 2949 iioc
153 2899 297 2949 corinthios
309 2902 392 2962 arguit
403 2902 533 2961 injustitiae
545 2939 551 2961 ‚
564 2903 607 2963 qui
620 2901 694 2951 falsos
705 2900 831 2960 doctores,
845 2902 1018 2960 corruptores,
1030 2901 1055 2947 et
1067 2897 1114 2948 do·

55 2961 117 3018 lnaoe
126 2970 259 3031 raptores,
270 2967 350 3031 pluria
361 2967 486 3018 iaciebant
497 2970 572 3030 quam
584 2969 713 3033 Apostolos
724 2970 854 3030 ,veritatis
865 2967 995 3027 doctores,
1008 2968 1033 3014 et
1043 2977 1114 3017 aenc-

54 3035 132 3095 liiatla
144 3036 279 3097 magistros
294 3040 319 3085 et
341 3036 462 3099 exempla.

81 3104 115 3154 Et
129 3103 198 3154 hanc
213 3104 276 3154 dicit
297 3107 469 3168 asperitatem,
481 3103 541 3156 licet
560 3118 612 3156 uon
626 3109 756 3170 apertam,
775 3106 884 3156 sentiens
901 3101 1032 3167 Apostolus
1042 3136 1050 3164 ,
1061 3113 1114 3154 aer-

55 3182 155 3223 monem
168 3185 245 3222 anum
256 3177 387 3235 temperat.

83 3255 108 3302 3.
122 3253 180 3302 Non
197 3252 232 3301 ud
248 3254 512 3303 condemnationem...

81 3321 118 3372 Ne
129 3321 260 3371 exacerbet
270 3333 325 3383 eoa,
337 3333 401 3384 quoa
413 3322 468 3372 vuit
486 3321 641 3384 demulcere,
657 3324 775 3385 corrigit,
792 3325 837 3372 aut
849 3319 938 3371 saitem
956 3318 1033 3382 lenit,
1045 3320 1113 3384 quod

82 3461 138 3510 Nou
151 3471 240 3510 averso
250 3459 351 3521 animo,
363 3459 435 3510 noble
445 3459 499 3509 haec
511 3456 583 3522 dico,
595 3464 620 3510 et
630 3465 659 3510 ut
672 3460 854 3519 condemnem,
871 3459 914 3509 scd
928 3472 958 3509 ex
971 3459 1111 3522 charitate,

54 3535 79 3581 et
87 3533 147 3592 quia
158 3529 236 3590 diligo
251 3549 257 3577 ε
271 3533 366 3579 etenim
377 3532 430 3591 Jum
442 3529 536 3591 pluries
548 3530 598 3579 dlxi
610 3532 698 3581 vobis:
714 3532 761 3579 Vos
771 3531 828 3578 estio
836 3531 864 3578 in
883 3531 1000 3580 cordibus
1012 3530 1111 3593 nostrie

53 3612 109 3662 cap.
123 3603 148 3649 6.
163 3611 237 3648 num.
251 3602 288 3648 tt.
301 3612 356 3661 cap.
365 3602 389 3648 3.
404 3611 430 3648 u.
443 3601 482 3648 ³2.
494 3598 591 3660 Nosque
604 3602 638 3649 lta
649 3598 723 3662 diligo
736 3635 743 3660 ,
757 3602 786 3648 ui
795 3599 939 3659 vobiscum,
950 3604 975 3649 et
985 3610 1030 3661 pro
1041 3598 1113 3648 noble

53 3668 124 3729 equo
138 3671 244 3730 paratus
256 3669 305 3715 sim
318 3671 344 3716 et
355 3669 420 3717 mori
437 3669 462 3716 et
472 3667 566 3717 vivere.
575 3666 636 3718 Vide
650 3681 673 3719 c.
691 3669 729 3729 12,
743 3679 771 3717 n.
789 3668 827 3716 15.
838 3665 1006 3717 libentissime
1015 3667 1111 3728 imven-

53 3737 102 3787 dor
115 3742 138 3785 et
150 3735 371 3798 moerimpeooor.

83 3819 109 3867 i.
125 3819 206 3869 iluita
221 3816 288 3865 milti
304 3816 429 3877 fiducie...

83 3886 141 3936 iiaec
157 3887 236 3946 dicit,
251 3888 308 3933 tum
325 3887 354 3932 ut
371 3887 471 3934 excuset
486 3896 559 3934 enam
575 3897 635 3934 cum
658 3884 695 3934 eie
710 3881 828 3944 loquendi
843 3881 999 3942 libertatem,
1015 3873 1113 3945 tumet

54 3957 83 4006 nt
93 3954 190 4009 hicard
204 3953 427 4016 cordaaqerdono
441 3956 468 4005 et
477 3953 613 4029 ciiuaiouc,
623 3963 710 4006 corum
720 3949 796 4004 corde
806 3949 893 4004 dilatet
897 3971 906 4015 t
916 3951 1015 4014 cibique.
1023 3959 1111 4001 eorum
