2512 4424
309 253 483 307 turstatt
502 252 725 307 sxroslrio
744 254 826 308 CAP.
846 253 869 306 i
1066 252 1121 305 eta

56 346 214 404 secundum
229 346 501 416 beneplacitumejus
553 345 607 406 oua
624 346 720 396 scilicet
737 359 783 408 pro
800 347 866 396 bono
883 345 975 397 ellectu
994 358 1058 405 suo,
1073 347 1119 395 de-

55 427 137 494 quod
154 426 323 493 proposuit
315 440 343 478 ιιι
356 440 401 479 eo
524 420 636 465 creverat
654 428 698 478 per
717 415 810 466 Filium
829 429 923 476 suum,
946 429 998 465 non
1020 415 1119 466 ludaeos

523 485 632 544 tantum,
643 485 686 533 sed
695 487 841 535 universum
851 485 977 535 mnndum
986 483 1118 533 redimere.

93 552 138 601 10.
152 550 183 600 1ιι
192 547 400 615 dispensatione
411 547 501 614 pleni·
552 553 585 603 Ut
594 553 637 602 ubl
648 556 749 614 tempus
760 553 774 601 a
786 565 812 602 sa
823 553 968 603 ordinatum
980 553 1119 612 adveniret,

55 623 164 678 tudinis
174 630 340 690 temporum
346 617 500 680 instaurare
522 623 621 681 omnia,
635 626 757 682 tumque
767 624 794 670 in
805 621 888 680 coelis,
899 622 1119 682 tumqmetuter·

55 701 153 754 0111an
165 701 193 752 ἰῃ
206 703 313 754 Christo
328 717 392 771 quae
407 704 435 755 jn
447 717 501 756 (ιω.
522 692 557 739 ΓΙΒ
571 693 647 747 flunt,
659 689 836 752 l'efflpltlllssl'et
851 691 880 738 1ss
895 688 1012 749 christo,

55 781 91 833 lis
102 785 130 832 et
142 793 206 847 quae
217 781 246 832 in
259 787 330 834 terra
342 788 420 845 sunt,

86 963 163 1024 imm
172 985 236 1035 quos
246 1009 253 1034 ‚
265 984 354 1024 sensus
364 978 417 1035 est,
428 988 484 1037 ιιιιιι
496 979 574 1040 gratia
588 977 687 1038 copiast
698 977 777 1027 allusu
790 981 913 1040 estsuper
924 987 970 1027 uos
981 975 1119 1040 Apostolos,

55 1055 154 1106 nosque
165 1044 287 1106 sapientia
296 1047 322 1093 et
335 1045 468 1107 prudentia
479 1047 572 1096 coelestl
587 1047 705 1110 replevit,
717 1046 778 1098 edm
791 1051 881 1097 notum
892 1047 952 1097 lecit
964 1046 1037 1097 aubis
1049 1056 1121 1097 area-

55 1127 122 1165 num
135 1112 272 1163 voluntatts
288 1113 379 1162 dlvinae
392 1118 551 1175 mysterium.

90 1187 233 1239 secundam
251 1187 432 1250 beneplacitam
449 1202 542 1249 ntum,
559 1193 722 1253 urpstertum,
740 1193 861 1254 inquam,
884 1193 911 1242 ln
933 1190 1060 1241 liberrimo
1075 1189 1118 1240 Dei

55 1257 215 1321 beneplacito
227 1256 371 1308 fundatum.

91 1334 165 1394 Quod
181 1332 316 1395 proposuit
327 1333 354 1381 in
364 1346 406 1392 re,
418 1335 443 1382 et
455 1332 522 1395 quod
534 1334 719 1398 beneplacttum
731 1336 796 1386 Deus
809 1336 842 1386 ab
852 1339 946 1386 eterno
960 1337 1028 1386 lutra
1041 1346 1067 1384 se
1079 1346 1119 1384 re-

56 1403 191 1455 conditum
202 1407 353 1451 servaverat.

86 1474 141 1523 lluc
156 1471 248 1520 divina
256 1470 395 1520 voluntatis
406 1473 555 1534 mysterlum
563 1510 571 1532 ,
579 1477 621 1525 ¹est
631 1475 674 1525 liei
685 1474 802 1526 voluntas
815 1473 845 1525 de
857 1474 937 1525 (lirini
951 1473 1025 1524 Verbi
1035 1472 1120 1524 ineer-

56 1545 178 1592 natione:
191 1552 267 1602 quam
277 1538 434 1588 voluntatem
442 1541 482 1589 vel
491 1541 599 1602 silentio,
607 1543 646 1590 vel
656 1541 1119 1604 tlgnrarumtenebrissicinvolverat,

56 1616 87 1664 ut
99 1624 153 1662 non
168 1609 314 1660 hominibus
325 1609 425 1658 tantum
435 1646 442 1669 ,
454 1610 498 1674 sed
509 1615 535 1659 et
544 1610 644 1674 Angelis
653 1613 714 1674 ipsis
724 1612 800 1662 tuerit
810 1610 1017 1674 incognitavidc
1027 1623 1082 1674 esp.
1095 1614 1119 1669 3,

57 1695 85 1731 ιι.
102 1683 134 1741 5,
147 1684 178 1739 8,
192 1683 224 1739 9,
239 1682 276 1728 10.

89 1748 141 1798 lloc
153 1749 222 1796 enim
233 1747 383 1807 mysterium
394 1749 447 1806 est,
459 1747 526 1809 quod
540 1747 644 1810 plenum
655 1752 693 1798 est
710 1751 781 1800 omui
798 1749 921 1812 saplentit
934 1753 959 1798 et
969 1747 1118 1812 prudentis,

56 1821 94 1870 alt
104 1817 133 1867 ll.
148 1816 340 1878 chrysostomus
351 1834 357 1864 ι
371 1816 410 1865 sui
421 1829 479 1877 ergo
491 1818 642 1866 revelatione
657 1817 736 1880 replet
747 1820 869 1880 sapientia
881 1824 905 1867 et
915 1817 1058 1880 prudentii.

90 1906 128 1952 to.
144 1901 173 1949 lu
196 1897 376 1960 dispensatione
395 1898 560 1960 plenitudinis
580 1904 761 1961 temporam...
778 1898 806 1948 ld
820 1904 907 1948 autem
924 1899 991 1960 quod
1009 1899 1076 1948 Deus
1088 1897 1120 1947 ab

56 1976 153 2023 aeterne
162 1967 290 2018 liberrime
301 1967 395 2028 voluit,
405 1970 430 2016 et
440 1969 505 2016 iutra
518 1979 545 2016 se
555 1964 731 2017 absconditum
741 1968 881 2018 recondidit
888 1988 897 2029 ι
906 1973 931 2016 et
939 1967 1006 2029 quod
1018 1967 1120 2017 tandem

55 2042 132 2093 aubis
149 2037 260 2089 revelare
278 2036 395 2097 dignatus
411 2035 474 2096 luit,
487 2039 524 2085 est
535 2036 617 2098 quod,
630 2036 689 2087 edm
702 2041 802 2100 tempus
817 2038 832 2086 a
848 2050 874 2086 se
889 2037 1034 2086 ordinatum
1045 2037 1120 2087 sdve-

55 2114 143 2168 niret,
155 2107 242 2158 amula
252 2142 259 2167 ‚
270 2108 327 2154 tum
339 2115 396 2166 quae
407 2106 435 2153 in
451 2104 603 2166 coelis,tn1n
619 2118 676 2168 qua
689 2108 716 2155 in
730 2107 803 2156 terris
818 2110 894 2168 sunt,
905 2105 1081 2168 recapitularet
1092 2107 1120 2154 ta

55 2181 168 2233 Christo.

88 2251 118 2300 ln
132 2247 249 2307 Christo,
263 2248 415 2307 inquanr,et
431 2259 482 2295 non
496 2248 522 2294 in
534 2245 600 2308 allo;
612 2248 665 2309 lpse
676 2248 745 2296 enlm
759 2258 826 2298 unus
837 2251 876 2297 est
886 2250 963 2312 caput
973 2243 1120 2308 angelorum
1134 2251 1136 2255 '

56 2323 83 2370 et
96 2319 245 2378 hominum,
257 2316 402 2365 Judaeorum
416 2320 441 2364 et
453 2316 583 2366 Gentium.

88 2396 120 2444 Ιιι
130 2392 325 2454 dispensatione.
337 2389 363 2439 ld
374 2393 424 2449 est,
435 2389 565 2452 completis
578 2391 734 2452 temporibus
746 2389 762 2441 t
774 2403 800 2440 se
813 2391 962 2454 dispensatis
972 2427 979 2451 ,
990 2402 1035 2440 seu
1051 2390 1121 2441 urdi-

56 2465 143 2524 uatls,
159 2473 204 2511 seu
215 2459 340 2522 completo
352 2463 463 2522 tempore
474 2459 489 2507 a
500 2471 526 2509 sa
535 2458 667 2521 praefinito.

89 2542 252 2596 instaurare,
271 2536 298 2586 id
315 2539 370 2597 est,
382 2548 513 2585 renovare.
531 2536 573 2585 Gr.
589 2535 857 2598 ἀνακεφαλαιώσασθαι,
868 2534 1052 2600 recapitulare,
1067 2536 1120 2585 col-

55 2609 146 2673 ligere.
158 2608 213 2670 Syr.
227 2617 358 2657 renovare.
367 2606 442 2655 trab.
454 2605 582 2667 perticere.

88 2681 137 2749 Per
152 2676 344 2740 explicationem
354 2675 423 2724 rerbt
436 2675 529 2734 Greci,
542 2685 630 2724 omnes
643 2675 769 2723 versiones
781 2672 981 2737 explicabuntur.

94 2751 367 2816 Ανακφαλαιώσασιαι,
384 2751 567 2814 recapitulare,
587 2751 635 2801 hoc
659 2750 689 2800 tlt
708 2751 821 2814 proprie,
841 2763 902 2801 eum
920 2763 970 2811 us,
986 2751 1119 2812 argentum

56 2828 223 2881 numeratum
236 2820 360 2883 colligitur
374 2823 401 2870 ln
415 2834 550 2870 summam.

89 2896 196 2945 Summa
212 2893 247 2940 ret
258 2927 265 2951 ,
277 2892 354 2952 caput
366 2889 403 2937 rel
415 2890 422 2948 ,'
434 2888 501 2937 idem
515 2889 608 2940 valent.

88 2956 187 3015 Haesit
199 2973 244 3023 per
255 2955 464 3018 similitudinem,
481 2958 539 3008 crim
551 2963 651 3018 orator,
664 2956 745 3008 mulla
760 2967 816 3019 qum
828 2954 922 3019 prolixe
934 2954 1013 3015 dixit,
1026 2953 1119 3016 colligit

57 3037 87 3087 ln
102 3044 246 3090 summam,
258 3040 302 3078 seu
316 3027 492 3088 compendiose
503 3027 565 3078 dicit
574 3046 581 3076 ε
591 3029 640 3077 hoc
654 3031 722 3077 enlm
736 3027 910 3091 recapitulatio
919 3026 1029 3087 dicitnr,
1041 3027 1119 3085 item,

59 3105 120 3156 curu
134 3103 259 3164 dispersos
269 3096 362 3148 milltes
372 3096 424 3145 dux
433 3098 460 3145 ln
473 3109 554 3146 unum
568 3109 658 3159 agmen
670 3099 744 3159 cogit.

90 3174 137 3223 liic
154 3175 258 3229 autem,
274 3166 458 3229 recapitulare,
471 3167 569 3230 proprie
585 3166 709 3228 significat
724 3165 790 3227 quod
804 3165 869 3215 lictu
882 3167 910 3215 in
923 3164 1022 3215 Christo
1036 3168 1062 3214 et
1076 3176 1120 3227 par

59 3243 210 3306 Christum,
220 3236 321 3298 angelos
336 3240 362 3284 et
377 3234 508 3296 homines,
526 3248 577 3285 non
593 3236 693 3285 tantum
709 3235 818 3294 natura,
833 3235 917 3284 sedet
932 3234 987 3284 loco
1002 3235 1119 3295 etgratll

60 3313 178 3372 dissitos,
198 3307 297 3358 ludaeos
312 3309 338 3354 et
356 3304 482 3364 Gentiles,
498 3306 569 3367 prius
590 3304 710 3366 religione
724 3304 851 3361 (litoreos,
866 3303 1005 3366 collegitis
1020 3315 1118 3362 uuum,

59 3381 191 3430 Christum
203 3375 299 3427 scilicet
311 3373 393 3422 dando
410 3380 485 3435 caput
495 3386 576 3435 supra
586 3385 683 3422 omnem
694 3373 839 3422 Ecclesiam.

94 3452 182 3512 Omnis
194 3455 304 3514 potestas
314 3449 375 3496 dete
386 3455 420 3496 cst
430 3448 520 3497 mitt
508 3461 537 3496 eu
547 3446 607 3496 coelu
620 3447 680 3496 etta
692 3451 769 3495 terra.

91 3525 144 3573 liic
155 3527 242 3571 autem
258 3521 286 3567 in
303 3518 402 3567 Christo
413 3521 439 3566 et
450 3529 494 3578 per
505 3516 635 3565 christum
650 3515 871 3579 recapitulatione,
885 3518 1024 3568 instaurata
1045 3519 1120 3576 sunt,

59 3596 181 3645 renovata
195 3593 273 3648 sunt,
288 3585 398 3650 perlecta
408 3591 434 3635 et
446 3590 559 3646 reparata
576 3588 649 3645 suut,

94 3667 186 3718 Omnia
202 3676 258 3725 que
272 3662 393 3719 iaculis,
408 3667 431 3709 et
448 3672 503 3721 quo
516 3659 545 3706 in
558 3664 634 3709 terro.

90 3738 233 3787 instaurata
244 3743 300 3794 qua
309 3733 337 3780 in
347 3730 431 3780 celis·
424 3731 498 3790 ‚quia
511 3727 657 3788 angelorum
671 3729 751 3777 rutum
763 3733 912 3790 reparantur
925 3740 955 3777 ex
966 3685 1120 3776 hominibus.

91 3805 233 3854 instaurata
246 3812 303 3862 quac
320 3800 346 3847 in
358 3798 432 3846 terris
439 3797 516 3858 ,quia
527 3795 671 3847 sedentibus
682 3799 710 3848 tu
721 3800 831 3848 tenebris
843 3799 888 3847 ct·
882 3810 909 3846 ιιι
924 3795 1012 3846 umbra
1023 3795 1119 3853 mortis,

61 3873 106 3928 tux
119 3875 144 3921 et
158 3873 209 3923 vita
223 3873 278 3920 orta
289 3870 327 3916 est
342 3869 386 3918 eis.

92 3941 167 4002 sm·
186 3941 214 3988 ul
228 3938 265 3993 att
279 3938 382 3992 “iniisti
400 3931 546 3996 Assiilmlli,
558 3934 731 3988 instaurantur
744 3944 800 3995 qua
818 3935 847 3982 tn
865 3929 934 3979 coetts
956 3929 1035 3986 sunt,
1058 3925 1119 3977 dnm
