2512 4424
155 228 208 280 ‘2AE2
454 230 655 284 EPISTOLAE
671 230 721 282 ’41)
738 229 919 283 attaris

187 322 278 372 Cavete
288 335 321 372 ne
329 321 377 374 hac
388 322 525 374 christiana
537 325 651 375 libertate
666 324 755 373 abula·
779 324 1086 380 tantumnelibertatem
1098 324 1126 379 in
1136 320 1220 379 esea·

156 393 222 441 mini
233 392 265 441 44
276 392 438 442 serviendum
450 394 593 444 carnalibus
606 392 754 453 desideriis,
779 404 887 457 sionem
901 403 973 457 deus
985 403 1097 466 cal-[1533

188 477 236 526 Sed
247 477 290 526 4114
301 480 417 539 utimini,
430 482 459 527 44
477 491 522 528 444
535 481 624 540 sponte
637 479 755 539 subiicia-
779 481 829 534 sed
851 495 901 546 per
925 481 1088 534 charitatem
1107 477 1219 546 spiritus

157 549 221 596 mini
240 549 351 597 invicem
366 551 392 597 in
407 550 496 610 spiritu
515 548 654 598 charitatis.
669 547 754 609 Quen·
779 560 880 613 service
891 559 1020 612 invicem,

156 615 212 664 44144
231 629 275 679 per
294 619 453 666 vocationem
474 620 583 666 vestram
594 615 666 666 liberi
680 619 754 678 estis,

156 682 257 733 44444144
274 697 318 746 per
331 683 481 733 charitalem
492 684 555 733 alter
569 683 674 734 alterins
689 687 754 733 servi

157 753 221 800 sitis.

186 920 235 970 Sed
245 932 362 982 quaenam
373 925 411 971 est
426 921 469 971 illa
479 921 581 971 libertas
593 921 746 984 christiana,
759 922 790 972 ad
802 934 879 983 qnam
895 924 978 971 vocati
996 923 1105 970 sumust’

185 989 222 1038 Ex
234 988 306 1040 dictis
316 988 398 1051 colligi
408 992 499 1052 petest.
508 989 606 1050 Primb,
614 989 646 1038 ab
654 989 1062 1052 onerosaleganumcblrgatiene
1072 999 1185 1051 quamn.
1194 993 1217 1038 4.

152 1057 246 1120 444444
258 1060 385 1110 seruitutis
396 1061 505 1109 vocavit.

186 1128 317 1184 Secundb
328 1129 451 1178 44444444
467 1126 568 1190 4444411,
582 1129 693 1192 dequo,
705 1132 846 1193 ntproprie
859 1128 920 1192 legis
936 1129 1026 1180 adactu
1042 1127 1145 1179 locutus
1163 1131 1217 1210 est,

156 1199 228 1246 144444
243 1200 333 1259 44444

187 1268 286 1328 144444,
299 1268 347 1316 444
360 1266 455 1317 44444441
470 1268 484 1316 4
496 1270 616 1318 servitute
627 1269 742 1331 peccati,
755 1267 830 1331 aqna
843 1280 889 1331 pro
901 1268 1097 1318 nobistristus
1109 1270 1217 1318 moriens

156 1350 202 1386 nes
213 1337 328 1387 redemit.
340 1338 401 1387 Vide
415 1339 521 1388 Reman.
533 1342 558 1387 6.
574 1342 611 1388 18.

190 1412 325 1462 4444414444
337 1410 565 1469 1444444444...,(14.’
578 1411 713 1462 tantumne
728 1412 869 1464 libertatem
885 1415 913 1463 in
933 1415 1094 1463 occasionem
1110 1415 1212 1463 camis:

156 1480 225 1530 deest
241 1481 615 1543 verbum‚aedsu1rplendum‚
629 1481 693 1531 detis
704 1483 761 1542 ,441
776 1484 891 1545 capiatis.

188 1549 244 1612 Syr.
255 1550 355 1600 44444144
367 1562 399 1599 44
411 1551 443 1599 444
458 1549 654 1599 14144444444444
669 1551 696 1599 ln
708 1554 866 1601 occasionem
878 1553 969 1600 carnis.

110 1668 111 1671 ,
186 1633 344 1683 0444444444
355 1643 503 1682 4444444444
513 1643 545 1686 44
556 1643 707 1681 44144444.-
714 1630 833 1681 Absoluta
845 1635 916 1694 parte
926 1631 1068 1694 dogmatica
1078 1670 1085 1693 ,
1097 1631 1141 1682 1414
1151 1632 1211 1697 444-

155 1704 234 1755 444144
252 1703 342 1751 4444444
355 1701 387 1751 44
400 1714 493 1752 meres.

185 1773 232 1821 1114
243 1773 327 1832 itaque
340 1769 514 1831 incipitbnjns
525 1771 636 1833 epistolae
645 1783 704 1834 pars
715 1768 817 1820 moralis
827 1779 900 1832 ,quae
911 1768 986 1819 durat
996 1781 1077 1832 usque
1087 1771 1119 1820 ad
1132 1785 1159 1821 n
1177 1774 1209 1832 44,

155 1855 210 1905 cap.
223 1844 247 1890 6.
262 1841 343 1889 Videte
357 1838 477 1900 qualibus
493 1839 612 1888 litteris...

184 1909 289 1959 Probata
302 1909 377 1969 igitur
389 1907 528 1957 christiana
540 1905 668 1966 libertate,
680 1906 714 1956 ad
726 1919 803 1968 quam
816 1907 898 1956 vocati
913 1909 974 1955 sunt
984 1905 1096 1968 Galatae3
1109 1910 1137 1956 44
1149 1908 1207 1957 banc

153 1981 295 2030 libertatem
309 1981 333 2026 et
344 1977 435 2026 melitis
447 1976 604 2037 intelligant
616 1981 641 2025 et
654 1977 807 2026 4444444144
823 1979 943 2034 utamur,

184 2046 282 2106 Primb,
292 2050 364 2095 notat
375 2045 425 2094 illis
437 2045 546 2095 abusum
556 2081 562 2105 ‚
572 2049 601 2094 444
617 2045 717 2094 cantius
733 2047 822 2096 vitent.

184 2114 299 2166 Secunde
310 2151 316 2173 ,
329 2113 425 2162 indicat
439 2113 507 2163 illins
522 2113 616 2171 linem,
628 2117 655 2160 ut
666 2112 698 2161 ad
712 2125 771 2162 eum
785 2112 929 2175 diligentius
942 2113 1057 2163 tendant.

183 2186 279 2242 4444441,
296 2183 368 2230 dccet
386 2181 514 2241 medium,
530 2195 580 2243 quo
599 2181 632 2230 44
648 2182 717 2231 14444
735 2182 812 2231 linem
832 2181 932 2231 14444444
947 2185 1105 2243 perveniant.
1125 2197 1151 2233 4.
1172 2187 1200 2232 lb.

153 2257 214 2303 Dico
231 2259 328 2309 autem,
345 2252 468 2312 spirite...

188 2325 324 2376 4444414444
342 2325 481 2381 libertatem
497 2325 525 2373 in
542 2327 735 2376 occasionem...
752 2326 818 2376 Ecce
836 2326 953 2385 abusum.
1044 2368 1047 2375 .

183 2397 273 2447 Cavete
281 2408 313 2444 ne
324 2394 371 2444 1444
380 2393 495 2444 1414444444
506 2395 647 2445 abutamini
657 2396 690 2446 ad
697 2399 781 2446 carnis
792 2396 942 2458 cupiditates
952 2395 1056 2446 liberius
1068 2397 1197 2446 sectandas:

153 2467 184 2515 44
198 2467 244 2515 hoc
255 2466 324 2513 enim
336 2477 387 2513 444
407 2467 445 2513 444
457 2465 527 2514 vobis
540 2465 617 2514 data:
632 2479 676 2514 scu
696 2478 743 2514 nee
759 2468 818 2528 quia
834 2465 895 2526 legis
912 2468 1001 2526 jugum
1021 2469 1047 2515 44
1062 2472 1143 2516 metus
1159 2479 1197 2515 444
1244 2522 1246 2529 ¹

153 2535 294 2594 incumbit,
306 2533 361 2583 ideo
382 2535 466 2582 carnis
481 2533 604 2585 desideria
621 2534 776 2598 perdeletis:
791 2535 823 2584 ad
841 2533 888 2584 1444
902 2537 971 2584 enim
991 2546 1043 2583 non
1061 2537 1120 2586 estis
1132 2538 1145 2585 4
1157 2534 1196 2596 1444
1244 2574 1246 2585 .

152 2604 236 2653 441441.

184 2680 232 2727 Sed
246 2691 292 2739 per
311 2677 489 2726 charitatem...
502 2688 560 2725 ecce
577 2675 664 2726 tinem.

182 2747 229 2797 Sed
241 2747 367 2807 econtra,
379 2749 477 2795 tantam
488 2744 591 2806 spiritus
603 2745 752 2795 charitatem
769 2744 897 2806 1441444444,
913 2748 942 2793 444
953 2745 1024 2795 vebis
1038 2748 1145 2798 invicem
1157 2755 1194 2809 pre

152 2829 237 2866 amere
248 2815 371 2865 serviatis.

181 2884 279 2948 Quantb
291 2883 371 2944 magis
386 2895 431 2944 per·
444 2886 553 2931 44444444
567 2884 724 2932 vocationem
740 2882 772 2931 414
787 2885 898 2932 onerosis
913 2886 938 2931 44
951 2884 1085 2934 1444414144
1095 2894 1193 2935 carane

151 2960 201 3006 niis
213 2956 285 3004 liberi
300 2954 376 3011 estis3
391 2950 462 3000 tantb
474 2954 595 3011 majorem
607 2952 709 3013 spiritns
725 2952 874 3000 charitatem
885 2951 977 3001 habere
989 2954 1121 3012 studeatis,
1131 2955 1161 3001 444
1173 2952 1192 2996 41

152 3026 327 3076 4144441444444
340 3035 391 3084 prae
402 3021 524 3071 charitate
538 3024 603 3070 44444
615 3024 678 3071 44414.

182 3094 357 3144 Recordamini
377 3103 464 3139 eorum
480 3102 534 3150 quae
546 3103 602 3152 cap.
622 3092 650 3150 4,
663 3103 689 3139 4.
709 3092 738 3148 6,
748 3088 799 3138 4441
811 3089 891 3138 441414.
906 3089 961 3139 Filii
974 3090 1018 3139 1144
1031 3093 1089 3141 estis
1098 3129 1105 3152 ,
1114 3095 1136 3140 et
1147 3090 1190 3151 41414

151 3164 268 3222 41444144,
282 3163 337 3210 idea
350 3163 466 3224 spiritum
483 3159 538 3208 Filii
550 3162 589 3208 sui
600 3197 607 3218 ‚
619 3161 735 3222 spiritum
749 3161 842 3208 4444414
857 3159 928 3210 vobis
941 3160 1010 3209 dedit
1023 3161 1100 3222 114444,
1112 3165 1139 3210 44
1147 3157 1190 3208 441-

151 3237 237 3296 gentes
249 3233 352 3289 4144414,
364 3230 436 3279 Abba
447 3230 554 3277 Peter...

181 3300 298 3350 Charitas
314 3312 389 3360 4444,
406 3299 509 3360 spiritns
524 3299 634 3359 amoris,
649 3300 686 3346 444
699 3298 803 3359 spiritus
818 3296 1030 3347 Glrristianernm.

181 3372 232 3420 1144
245 3382 302 3430 erge
318 3368 431 3418 libertate
444 3368 459 3416 4
471 3366 591 3428 legalibus
607 3368 715 3416 utamini
736 3367 769 3416 ad
790 3367 857 3416 hanc
873 3366 1024 3418 charitatem
1041 3363 1189 3418 abundantiis

58 3480 62 3487 -
151 3449 177 3492 et
193 3440 336 3520 perfectius·
343 3439 494 3489 habendam.

181 3512 261 3560 Tanta
280 3511 313 3557 414
330 3511 376 3557 in
374 3509 437 3558 obis
456 3508 510 3557 1444
524 3507 634 3556 liliorum
646 3507 769 3568 charitas,
782 3511 811 3555 ut
828 3519 880 3555 444
896 3506 997 3556 tantiam
1015 3509 1084 3558 441114
1099 3507 1188 3555 invicem

151 3595 203 3631 nen
219 3582 309 3629 noceat
310 3581 347 3638 is;
341 3578 440 3627 ·tsede
450 3578 520 3627 441114
537 3579 647 3626 invicem
662 3590 712 3642 prae
729 3589 813 3625 amere
829 3578 952 3626 serviatis.

181 3651 272 3712 Legis
264 3661 353 3710 jugum
367 3660 501 3696 onerosum
511 3646 703 3708 ,importabile‚
714 3646 829 3694 Christus
841 3647 1024 3701 commutarit
1017 3659 1043 3694 m
1051 3648 1135 3707 jugum
1144 3641 1188 3691 4144

967 3728 976 3748 Ι

150 3725 232 3774 4444444
242 3722 355 3783 ι,444444
369 3730 461 3777 44444,4
475 3685 656 3766 veltrntarium.

180 3791 289 3842 Felicem
310 3787 383 3838 illum
401 3790 443 3849 qui
461 3786 544 3835 huic¹
535 3798 595 3846 jugo
613 3786 711 3834 subest.
705 3789 710 3818 ¹
726 3787 772 3846 ipsi
793 3786 860 3833 enim
873 3784 941 3845 1144,
953 3787 1067 3834 emnium
1082 3785 1185 3834 bonorum

151 3862 231 3922 lonii,
242 3861 343 3910 subest:
359 3859 426 3917 Quia
437 3858 503 3905 114444
517 3856 627 3904 charites
644 3861 685 3903 444.

181 3930 333 4055 behaniae
336 3928 445 3991 aterna!
458 3924 538 3990 11444,
548 3924 590 3994 441
603 3936 644 3973 me
655 3923 709 3972 adt
700 3927 772 3990 tuum
783 3934 895 3973 amorem
905 3922 995 3973 cretati
1008 3925 1032 3972 et
1043 3921 1142 3972 secasti!
1153 3924 1184 3963 cer
