2512 4424
141 256 198 312 aaa
438 227 911 312 aarsrounancs'ssrss

171 349 282 413 Paulus,
299 351 418 414 inquam,
436 356 463 403 et
479 366 567 402 omues
587 352 676 402 iratres
694 353 738 413 qui
795 354 823 404 Ξ.
835 354 869 405 lit
880 348 930 417 qui
939 360 1053 402 mecum
1066 349 1136 400 stibi
1148 357 1204 400 dm-

141 431 243 470 mecum
254 425 327 481 sunt,
339 421 457 471 Ecclesils
471 421 574 473 Galatiae
584 422 684 482 scribit,
693 434 739 470 seu
761 443 812 483 neg
821 422 1203 493 stau02‚1;0cloaiiscaiatiaer

141 493 258 554 precatur
272 489 340 551 quod
356 493 492 551 sequitur:

136 596 139 603 .
172 554 258 604 Gratia
271 556 739 620 etparrobisdeturalisol’atrs,et
796 562 823 612 ὅ.
831 557 924 612 Gratia
932 552 1204 620 robisetpaxibeo

142 620 569 687 illuminanostrolesncbrlsto,
761 634 1204 764 pzumtnominonostrolestt

761 715 781 766 C
802 713 883 766 risio.

85 925 89 930 ,
141 873 227 919 torum
237 869 281 930 qui
293 866 370 917 bodie
380 879 427 930 par
435 868 532 917 amicos
546 867 578 917 ad
589 867 712 918 beneilcia
722 871 902 931 promoventur
912 867 945 917 ab
956 865 1119 928 bominibus,
1127 868 1155 917 st
1161 876 1204 930 per

141 937 273 989 homines!
447 948 450 953 ·

172 1006 314 1058 Secundam
324 1007 340 1057 l
352 1007 420 1069 lieo,
436 1019 481 1070 per
491 1007 622 1057 homiuem
631 1045 638 1068 ,
647 1006 750 1069 haeque
765 1008 859 1069 partim
874 1012 913 1057 est
926 1007 1013 1056 divina
1024 1006 1139 1068 ,partlm
1155 1003 1203 1056 bu·

141 1088 218 1129 mana
228 1097 236 1136 ;
247 1078 334 1126 divina
343 1115 351 1138 ,
361 1077 445 1138 quoad
456 1078 641 1126 iustitutionem
652 1097 661 1135 t
671 1077 799 1137 humana,
810 1076 893 1139 quoad
904 1077 1176 1127 communicationem

173 1145 240 1196 'lulis
250 1145 300 1194 tuit
312 1147 399 1194 missio
408 1145 434 1194 S.
448 1145 548 1193 Mathia
563 1143 592 1203 (a
603 1144 654 1193 beo
664 1157 709 1207 per
725 1144 855 1206 Apostolos
864 1143 873 1203 l
882 1164 890 1204 ;
900 1144 959 1192 talis
970 1149 995 1192 et
1007 1145 1097 1194 missio
1108 1145 1202 1207 episeo-

142 1228 233 1280 porum
246 1219 272 1264 et
288 1214 396 1263 aliorum
409 1215 471 1276 ipsis
488 1214 726 1269 subordinatomm.
738 1214 786 1263 rite
801 1217 827 1263 et
840 1212 964 1263 canonias
975 1217 1129 1263 vocatorum
1139 1231 1148 1275 i
1159 1224 1201 1263 so·

143 1288 234 1335 matur
246 1285 315 1332 enirn
327 1287 353 1331 et
365 1285 504 1331 mittuntur
518 1284 534 1331 i
547 1281 597 1330 lieo
609 1295 654 1343 per
667 1283 793 1332 homiues.

173 1354 302 1412 Tertiam,
315 1362 371 1413 qna
389 1356 440 1400 tota
456 1351 542 1399 divina
560 1355 615 1410 est,
628 1351 706 1412 litque
721 1353 737 1400 a
755 1353 806 1401 beo
818 1351 980 1412 immediate,
996 1364 1043 1402 scu
1062 1350 1080 1402 b
1097 1351 1201 1403 Domim

142 1427 229 1473 nostro
243 1422 303 1472 lesu
315 1422 414 1472 Christo
424 1457 433 1482 ,
445 1421 496 1470 beo
508 1420 613 1470 bomine
627 1439 635 1468 ε
652 1421 734 1482 quabs
751 1421 801 1471 tuit
819 1424 907 1472 missio
921 1422 952 1471 li.
965 1419 1038 1471 Pauli
1053 1424 1082 1471 et
1095 1420 1202 1472 eborum

141 1491 327 1556 Apostolorum.

173 1563 220 1611 llic
230 1562 335 1623 quilibet
346 1560 463 1611 Ecclesiae
473 1562 590 1611 minister
599 1575 671 1611 suam
685 1564 811 1612 examinet
822 1564 980 1620 missionem,
988 1564 1015 1610 et
1024 1559 1058 1610 de
1070 1561 1200 1624 semmipst

142 1643 229 1683 coram
239 1631 289 1681 lieo
300 1630 397 1692 judicet
408 1649 415 1680 ε
427 1643 460 1679 an
470 1631 485 1678 a
496 1629 566 1680 lieo?
579 1644 612 1680 an
623 1632 656 1681 ab
665 1631 813 1680 hominibus
825 1632 899 1692 solis,
909 1634 959 1681 eti
969 1632 1068 1694 meipso
1080 1631 1110 1680 ln
1120 1628 1202 1694 paula-

142 1703 228 1750 turam
241 1713 299 1749 sum
312 1700 431 1748 evectus?
442 1711 475 1747 an
489 1699 590 1760 divina,
605 1713 638 1748 an
659 1699 771 1748 humana
785 1701 872 1748 missio
885 1700 964 1749 meat

173 1769 245 1820 Siout
259 1767 346 1817 nullus
365 1769 447 1828 major
459 1766 572 1816 deiectus
585 1768 662 1828 quim
674 1768 787 1818 deiectus
802 1769 950 1831 potestatis,
966 1769 1003 1817 itu
1020 1765 1088 1816 nibil
1104 1764 1200 1830 puicu-

142 1837 221 1890 loslus
234 1839 393 1897 intrusione,
405 1849 450 1886 scu
464 1837 574 1886 carentia
588 1839 726 1886 missionis.

172 1924 198 1973 2.
210 1924 242 1971 lit
256 1921 302 1983 pai
316 1933 411 1970 meam
423 1925 482 1968 aaut
492 1931 575 1967 amaa
587 1917 692 1980 frutra,
706 1919 823 1968 Emtaria‘s
841 1917 955 1970 mutia.

171 1990 202 2041 b.
219 1990 412 2052 chrysostomus
423 1991 494 2037 notat
508 1985 552 2036 blc
564 1988 613 2036 tria
623 1987 770 2037 discrimina
780 1990 846 2036 inter
857 1987 925 2036 banc
938 1990 964 2036 et
974 1989 1080 2038 cuum
1089 1984 1121 2038 b.
1133 1983 1200 2039 rana

174 2058 268 2109 lstolas.

142 2070 305 2185 οιῬιίιιιιιιῐι,
325 2127 353 2174 ln
370 2124 426 2174 aliis
445 2123 556 2186 epistolis
574 2137 650 2173 suam
669 2137 763 2174 nomen
780 2124 863 2174 solum
878 2125 999 2187 apponit,
1019 2128 1067 2175 aut
1079 2125 1200 2187 duorum,

142 2200 187 2246 aut
201 2198 280 2245 trium
289 2192 466 2243 tantummodo
478 2193 600 2253 uomina3
612 2195 639 2240 in
650 2193 698 2242 lma
709 2199 789 2243 totam
799 2193 991 2243 multitudinem
1001 2197 1105 2256 posuits
1117 2195 1200 2246 oona

153 2272 241 2315 ratres.

142 2265 159 2329 s
173 2332 333 2391 Secundum,
346 2329 402 2380 alia
413 2328 523 2392 epistolae
534 2329 566 2378 ad
582 2343 660 2379 unam
670 2331 815 2389 civitatem,
832 2341 876 2378 seu
891 2328 1033 2380 Ecclesiam
1045 2329 1199 2394 dirigunturt

142 2402 198 2453 bare
212 2401 245 2450 ad
257 2412 345 2450 omnes
358 2399 481 2448 Ecclesias
497 2398 608 2448 Galatia.

172 2471 299 2529 Tertium,
318 2469 345 2516 in
364 2467 421 2516 aliis
440 2468 524 2528 addit,
536 2467 649 2528 dilectis,
663 2466 825 2517 sanctificatis
843 2467 961 2519 Ecclesiis
974 2467 1199 2534 be1,hiaampil-

141 2543 205 2591 citer
216 2559 223 2587 2
235 2538 352 2588 Ecclees'r's
366 2537 480 2587 Galatia.

171 2608 266 2657 llorum
280 2610 365 2654 autern
378 2604 555 2654 discriminum
566 2605 690 2653 rationem
705 2603 787 2653 reddit
802 2603 868 2653 idem
878 2603 908 2653 b.
920 2603 1127 2666 Chrysostomus.

171 2676 243 2727 Ratio
254 2676 345 2738 primi,
358 2679 386 2723 ut
398 2673 478 2722 diluat
491 2672 624 2735 Apostolus
640 2673 736 2722 illatam
752 2673 799 2721 sibl
812 2672 977 2733 calumniam,
988 2674 1058 2736 qudd
1068 2676 1124 2739 ipse
1136 2673 1200 2726 solus

141 2744 195 2795 baec
205 2744 369 2806 predicaret,
380 2746 405 2791 et
416 2755 508 2791 noram
520 2741 665 2802 dogmatum
681 2744 804 2790 rationem
816 2742 954 2790 inveheret.
1136 2741 1140 2747 '

171 2813 253 2873 llinc,
265 2818 294 2862 ut
306 2811 416 2861 declaret
432 2811 499 2871 quod
512 2811 605 2859 multos
621 2810 712 2858 babeat
725 2810 836 2869 ejusdem
855 2812 987 2875 sententia
997 2813 1100 2875 maios,
1111 2814 1167 2875 alt,
1179 2817 1200 2863 et

141 2884 188 2946 ptri
200 2896 296 2931 mecam
310 2887 369 2930 rant
382 2893 465 2929 omnm
481 2880 588 2941 frames,
598 2881 669 2939 quasi
686 2891 716 2927 er
732 2879 834 2927 illorum
847 2880 952 2928 consilio
964 2881 1096 2932 scriberet.

171 2953 244 3002 Ratio
255 2948 375 3009 secundi,
393 2951 454 3010 qula
467 2952 546 2997 totam
563 2949 708 2997 Galatamm
722 2952 822 3010 gentem
837 2952 929 3000 erroris
946 2951 1098 3002 incendium
1113 2963 1200 3018 perra·

140 3025 215 3071 rorat.
332 3066 343 3085 ,
1150 3064 1153 3069 ,

171 3089 244 3139 ilatio
260 3087 347 3145 tertii,
358 3087 417 3146 quia
435 3085 468 3134 ab
486 3085 619 3146 Evangelio
635 3086 761 3137 declinare
779 3090 832 3148 lum
850 3091 979 3149 ceperant
990 3107 997 3137 r
1009 3087 1061 3139 hoc
1075 3093 1148 3152 erat,
1162 3091 1200 3140 ln·

140 3159 211 3219 quit,
229 3155 293 3216 agre
311 3155 395 3204 allecti
408 3156 505 3214 animi,
523 3168 648 3216 suumque
664 3156 775 3206 dolorem
788 3158 940 3219 aperientis,
957 3157 1027 3220 qubd
1038 3171 1094 3210 uon
1106 3161 1200 3226 poterat

141 3238 184 3276 eos
194 3226 210 3273 a
220 3224 341 3274 charitate
352 3223 490 3286 appellare,
502 3223 571 3273 sedi
582 3224 634 3274 sola
646 3229 845 3288 congregatione.

170 3311 196 3357 t.
213 3307 300 3357 Gratia
317 3306 389 3354 oobir
403 3312 426 3355 et
441 3320 501 3368 pac.
990 3322 994 3328 ·

169 3375 228 3425 liae
243 3373 379 3437 apostolica
399 3373 516 3424 salutatio
533 3376 618 3425 omnia
636 3375 776 3437 spiritualia
795 3377 861 3426 bona
873 3379 987 3427 eontinet
998 3396 1006 3428 a
1019 3382 1102 3442 gratia
1112 3390 1199 3444 nnpe

131 3448 178 3495 ‘est
188 3445 251 3500 {vitae
272 3444 409 3505 spiritualis
421 3446 573 3506 principium
593 3466 600 3494 ι
620 3458 669 3507 pax
681 3448 718 3493 est
731 3448 852 3506 quietatio
862 3449 956 3497 mentis
969 3450 997 3498 in
1013 3449 1065 3500 tide
1076 3470 1084 3501 r
1097 3464 1159 3514 seu,
1173 3453 1199 3501 ut

140 3515 177 3564 alt
188 3512 218 3561 b.
232 3512 403 3573 Augustinus,
416 3513 587 3562 reconciliatio
600 3513 633 3562 ad
652 3513 741 3564 Deum.

170 3580 283 3643 optando
294 3582 371 3641 igitur
383 3583 537 3643 principium
549 3586 574 3630 et
584 3581 661 3631 baem
672 3583 797 3632 bonorum
806 3584 986 3648 spiritualium,
994 3591 1067 3650 optat
1078 3591 1105 3640 et
1117 3589 1197 3640 omnio

140 3649 224 3708 bona,
240 3660 296 3709 quaa
307 3651 367 3697 sont
384 3651 450 3698 inter
462 3648 516 3699 buo
531 3649 582 3698 duo
592 3655 711 3700 extrema.

169 3718 234 3767 lllnc
244 3717 361 3778 frequens
372 3730 425 3766 esse
437 3717 510 3765 debet
519 3724 543 3766 et
553 3721 579 3768 in
591 3732 639 3768 usu
650 3719 717 3783 apud
730 3732 818 3772 omnes
827 3721 983 3775 Christianos
994 3723 1052 3777 baec
1065 3725 1197 3792 apostolia

141 3783 277 3835 salutatio:
293 3787 381 3834 Gratia
399 3784 471 3832 sabis
487 3790 509 3832 et
526 3799 586 3846 poa.

170 3859 254 3906 Abeo
266 3858 345 3906 Patre
358 3864 380 3905 et
392 3857 498 3905 Domino
508 3865 591 3907 naono
604 3861 663 3908 lesa
681 3860 787 3911 cidem.

170 3923 238 3974 linos
250 3928 323 3974 notat
340 3924 422 3975 tontes
435 3923 527 3975 borum
539 3927 709 3987 spiritualium
722 3929 864 3988 bonoram.
875 3944 920 3986 seu
936 3931 988 3988 duo
1005 3935 1097 3992 salutis
1109 3939 1195 3991 nass!
