2512 4424
302 236 470 302 intrans
487 237 713 306 axiosrrio.
733 238 814 304 cta.
834 246 882 301 tv.
1078 239 1109 300 tt

54 339 184 408 metipsos
211 339 249 396 sd
282 356 395 398 omnem
422 358 493 397 con—
515 345 631 394 homines
653 343 721 393 recto
735 344 894 405 iudicantes,
911 343 936 391 et
960 352 1045 390 coram
1063 339 1112 391 uec

55 418 196 472 seientiam
227 419 375 474 hominum
398 436 493 476 corum
516 414 602 461 ⁰111¹1¹⁸
616 413 739 461 intuente.

56 496 118 549 Deo.

19 576 22 581 '
87 576 112 627 3.
123 573 205 636 Quod
227 575 251 627 si
265 575 349 630 etiam
366 582 494 646 opertum
546 574 618 638 onos
628 577 649 626 si
664 579 720 641 post
731 580 904 638 tamapertam
916 572 1114 638 Evangeltlpre·

81 728 198 780 lioraona
216 744 249 780 rn
267 742 524 782 tessandrorum-
530 733 568 782 Ad
581 731 718 795 pleniorem
732 731 823 780 horum
834 742 953 780 versuum
965 768 972 791 ,
984 731 1035 779 imo
1046 734 1072 779 et
1081 730 1114 780 ad

57 799 124 847 totius
143 797 196 847 iere
210 802 301 862 capitis
320 801 397 860 huius
414 801 622 862 intelligentiam,
635 800 766 850 recordare
781 797 849 860 quod
865 800 924 858 hle,
939 803 966 848 ot
975 802 1028 858 lem
1044 799 1113 860 dixi,

57 866 101 918 dno
109 867 187 916 Amul
204 872 263 929 agat
275 869 424 931 Apostolus,
435 869 529 920 seilicet
544 870 699 918 adversarios
719 882 778 918 suos
791 867 865 918 tactio
879 871 1038 930 perstringit,
1049 872 1075 918 et
1087 880 1113 920 se

59 946 155 997 suosque
164 937 290 999 collegas,
301 942 388 988 eontra
400 938 603 989 adversariorum
613 950 718 988 suorum
729 937 870 988 calumnias
880 937 1010 997 instillent.

83 1006 193 1068 intellige
206 1019 265 1068 ergo
276 1009 350 1068 quasi
360 1007 456 1057 diceret
467 1020 476 1055 s

83 1074 297 1138 isendeepostnlt,
309 1077 369 1137 quia
385 1076 401 1125 A
416 1075 466 1126 lieo
483 1088 534 1125 uon
551 1079 611 1126 sunt
629 1078 657 1126 in
672 1077 844 1126 ministerium
855 1075 951 1133 uocati,
963 1073 1006 1123 sed
1025 1076 1114 1136 sponte

61 1145 157 1206 intrusi,
171 1149 198 1195 et
213 1147 242 1194 lu
253 1157 284 1194 eo
295 1157 339 1206 sa,
353 1156 448 1207 suaque
459 1145 591 1196 commoda
601 1149 736 1209 querunt,
746 1144 803 1194 ideo
814 1146 842 1194 iu
853 1142 963 1193 adversis
974 1144 1059 1192 statim
1070 1142 1114 1195 de·

61 1213 148 1266 iciant.

85 1283 153 1345 Quasi
166 1288 334 1347 mercenarii,
347 1285 436 1349 lupum
446 1286 535 1336 vident
545 1292 570 1337 et
580 1287 688 1350 lugiunt.

84 1351 127 1405 iios
141 1354 269 1418 Apostoll,
280 1369 326 1417 per
336 1356 380 1406 Del
398 1359 534 1419 gratuitam
546 1357 703 1407 voluntatem
713 1357 812 1416 vocati,
827 1367 872 1417 per
883 1355 926 1404 Del
946 1356 1068 1416 matiam,
1085 1355 1112 1402 in

63 1428 134 1541 ιὲξὶῑτο
148 1436 257 1474 munere
275 1423 402 1487 iungendo
417 1437 470 1475 nou
486 1427 671 1487 segnescimus,
685 1437 733 1475 nee
753 1425 785 1474 ob
806 1424 909 1473 adversa
927 1422 1113 1485 qualecunque

101 1493 187 1543 cimus.

10 1570 12 1577 '
88 1567 163 1616 denos
171 1573 265 1630 postor
278 1568 359 1618 eitum
370 1568 414 1618 dot
427 1581 476 1631 pro
490 1567 588 1618 ositos.

88 1632 301 1698 isendnapostnli,
316 1639 456 1688 sanctitutis
469 1639 579 1702 spectem
591 1650 643 1701 prm
657 1649 684 1689 se
703 1636 825 1697 terentes,
840 1635 936 1687 occuito
952 1639 1039 1699 turpes
1056 1647 1110 1686 sec·

66 1704 295 1766 unmrroluptates.

91 1777 141 1836 ooo
150 1779 179 1827 in
189 1778 288 1828 occulto
301 1779 367 1842 fiunt
378 1779 411 1830 al)
422 1782 473 1841 eis,
486 1785 558 1843 torpe
571 1784 606 1830 est
619 1786 641 1830 et
650 1779 737 1830 dicere.

89 1844 128 1896 lios
140 1846 252 1909 Apostoll
265 1859 382 1908 ornnem,
394 1851 471 1898 etiam
479 1848 619 1908 occultam,
628 1850 757 1909 rejicimus
768 1848 826 1896 vitm
834 1843 1108 1908 turpitudinem.liilrll,

70 1925 103 1964 uec
111 1915 220 1976 menits,
231 1921 320 1966 nostro
336 1919 477 1968 ministerio
494 1917 628 1981 indignum
647 1919 763 1979 agimus,
777 1916 821 1966 sed
835 1919 946 1966 vivimus
957 1915 1029 1977 digno
1043 1915 1108 1974 uec,

71 1984 124 2042 eolus
135 1996 221 2034 sumus
234 1986 358 2036 ministri.

91 2050 279 2116 lteodoapostoll
289 2091 297 2113 ,
308 2059 338 2104 ut
351 2066 377 2104 se
390 2055 458 2119 apud
470 2055 586 2107 homines
599 2056 790 2117 commendent,
801 2055 901 2105 vorsutd
911 2057 1108 2112 conversantur,

72 2118 108 2179 lito
117 2120 156 2172 liei
168 2123 246 2172 verbo
259 2122 364 2173 subdole
377 2128 499 2185 utuntur,
512 2125 624 2186 illudque
636 2128 802 2186 corrumpunt
817 2125 850 2173 ad
859 2123 923 2172 lines
934 2135 1002 2172 suos.

93 2188 115 2239 ilt
123 2189 235 2240 homiues
256 2191 400 2255 deciplant,
413 2196 438 2241 et
453 2192 544 2244 fucatis
558 2194 687 2256 operibus,
699 2198 723 2243 et
734 2193 801 2242 taleis
812 2193 971 2242 sermonibus
983 2202 1036 2240 sese
1047 2189 1110 2239 allos

73 2257 127 2316 illu
136 2261 185 2310 siut
195 2260 374 2310 demonstrant
385 2280 392 2311 a
405 2264 551 2325 semetipsos
564 2267 589 2312 et
601 2275 675 2325 opere
686 2266 711 2311 et
721 2274 836 2311 sermone
850 2263 1017 2310 mentiuntur.

11 2336 14 2343 ·
92 2325 246 2392 iiosApostoli
256 2367 264 2390 ,
276 2329 341 2379 nihil
349 2343 394 2392 per
404 2330 557 2394 hypocrisim
566 2332 688 2393 tacimus,
699 2344 746 2382 nee
758 2331 885 2393 loquimur
895 2351 902 2390 ;
914 2343 960 2380 nec
975 2328 1109 2392 operibus,

73 2404 105 2444 itt
116 2398 270 2447 sermonibus
288 2401 441 2460 mentimur,
458 2405 487 2451 ut
499 2403 618 2463 gratiores
630 2403 726 2462 simus,
738 2400 781 2450 sed
793 2401 846 2463 ipsi
858 2401 963 2448 veritate
980 2403 1006 2446 et
1014 2399 1072 2446 vitm
1084 2400 1110 2445 et

74 2462 183 2528 lutuno,
197 2471 365 2532 nosmetipsos
383 2471 572 2521 commendatos
586 2471 707 2522 eiileimus
727 2470 795 2534 apud
814 2482 901 2518 omnes
918 2469 1051 2526 homines,
1064 2478 1109 2514 eeu

11 2594 14 2599 Ι
73 2530 148 2597 idries,
157 2549 202 2587 seu
217 2538 333 2589 infideles
343 2576 350 2601 ,
362 2539 500 2590 dummodo
517 2540 583 2591 recte
601 2543 727 2600 sentiant,
739 2544 764 2588 et
775 2538 914 2590 seeundum
929 2537 1109 2589 conscientiam

12 2618 15 2623 ’
73 2601 175 2668 iudicent,
187 2607 241 2656 lmd
253 2612 279 2657 et
291 2621 377 2658 eoram
390 2608 457 2669 lieo,
468 2620 511 2658 cor
522 2613 547 2658 et
558 2620 631 2658 renes
644 2609 774 2671 probante·

93 2672 137 2736 ipsi
154 2680 260 2729 veritate
278 2681 338 2730 vlits
357 2683 382 2729 et
394 2679 515 2730 doctrinm
528 2679 718 2730 manifestamus
734 2679 852 2728 omnihus
866 2677 1028 2738 hominibus,
1048 2676 1109 2736 quid

11 2745 15 2752 '
74 2752 136 2794 stum
151 2746 201 2797 lieo
212 2750 267 2811 lpso
279 2751 373 2810 simus,
385 2753 410 2799 et
423 2750 485 2812 quid
498 2752 647 2798 sentiamus.

93 2810 167 2872 Quales
180 2831 271 2869 somus
282 2832 368 2869 eoram
382 2819 445 2882 lieo,
457 2819 681 2883 tales-apparemus
693 2816 853 2877 homininum
865 2819 889 2865 et
903 2814 989 2877 quales
1004 2825 1110 2875 appare·

74 2889 124 2946 uos,
135 2887 194 2938 tales
204 2893 229 2939 et
239 2903 338 2940 snmus.

92 2964 216 3021 Norsuuurr
235 2986 269 3023 su
282 2972 448 3024 nonas-ln
462 2973 503 3024 his
516 2986 574 3036 ergo
589 2972 672 3022 verbis
694 2972 830 3033 imaginem
850 2968 928 3018 habes
943 2969 996 3016 veri
1012 2969 1037 3016 et
1054 2965 1108 3015 ialsl

73 3027 171 3102 laseris,
182 3041 297 3092 liocioris
308 3078 315 3102 ,
327 3042 447 3106 Apostoll.
460 3042 561 3092 Falsum
572 3053 699 3092 exsecrare
708 3061 715 3102 t
724 3041 820 3090 bonum
832 3039 940 3088 imitare.

92 3101 121 3154 ld
132 3110 272 3173 exemplum
284 3109 336 3161 divi
350 3110 422 3161 Pauli
436 3110 580 3161 stallorum
591 3109 784 3172 Apostolorum,
798 3106 879 3156 tidelis
890 3107 1005 3154 minister
1018 3103 1110 3153 Cirristl

74 3173 161 3226 attendat
177 3178 210 3228 ad
227 3179 273 3229 liei
292 3180 491 3230 misericordiam
506 3191 565 3242 erga
582 3191 624 3239 so,
638 3178 671 3228 ad
686 3178 820 3227 ministerii
843 3176 883 3224 sul
899 3174 1062 3235 dignitatem,
1078 3173 1110 3222 od

74 3245 169 3298 donam
177 3249 283 3311 gloriam
296 3251 342 3299 sibi
359 3252 519 3313 promissam.

73 3308 291 3437 dafillisdomniibos
301 3318 468 3382 respondens,
481 3330 530 3370 nee
540 3320 669 3380 aegrescat
679 3318 708 3367 ln
715 3317 845 3410 prosperis
854 3351 861 3375 ,
869 3325 916 3363 nec
928 3315 1013 3361 animo
1024 3314 1111 3362 sonci·

118 3396 155 3435 na
172 3399 227 3438 vers
237 3402 264 3449 s;

92 3448 214 3515 lillil,nec
226 3455 340 3513 occulte.
355 3468 401 3507 sno
412 3458 554 3506 ministerio
562 3455 695 3518 indiguum
706 3458 763 3517 agat
773 3474 780 3515 ς
791 3451 835 3503 sed
846 3462 947 3500 omnem
960 3451 1111 3508 exsecretur,

74 3518 129 3570 ditm
143 3523 266 3574 occultam
277 3562 285 3586 ,
296 3527 355 3574 rite
367 3525 551 3588 turpitudinem
563 3543 570 3585 ;

93 3585 194 3641 imhulet
207 3592 371 3655 simpliciter,
383 3594 479 3644 sineere
496 3593 603 3642 verbum
618 3592 662 3641 liei
675 3591 810 3654 predicet,
820 3587 872 3636 soii
889 3588 947 3636 vitm
958 3589 982 3634 et
993 3585 1110 3634 doctrinm

74 3657 154 3709 renate
170 3670 222 3711 sese
234 3661 454 3712 commendatione
465 3661 571 3725 dignum
582 3661 678 3722 reddat,
686 3665 712 3710 et
722 3671 808 3710 corsua
816 3656 978 3713 hominihus,
990 3658 1014 3701 et
1026 3663 1110 3701 coram

75 3712 119 3784 leo,
130 3730 209 3779 omnia
222 3733 349 3779 intuente.

95 3804 114 3852 ⁸·
123 3807 187 3866 doto
200 3807 224 3860 si
235 3811 313 3860 etiam
325 3815 439 3872 opertum
454 3817 497 3861 est.

13 3898 15 3905 '
96 3869 124 3922 ω
136 3874 198 3927 “¹⁰¹⁸
207 3915 215 3940 t
225 3883 282 3928 lum
297 3881 428 3942 mutue,
439 3884 496 3929 tum
508 3880 535 3929 ln
544 3878 595 3930 line
606 3893 661 3943 cap.
671 3883 702 3939 3,
715 3891 742 3928 n.
758 3871 969 3937 ¹8,potestobjiei
983 3886 989 3914 ι
1004 3866 1029 3913 sl
1041 3862 1109 3908 vert·

13 3948 15 3961 .
76 3936 133 3993 uisu
146 3943 272 4070 Ειζαηεοὶίι
283 3948 320 3998 ita
335 3946 496 4011 manifestas,
507 3961 553 4000 eur
563 3961 621 4012 ergo
632 3953 668 3999 tot
679 3943 825 3998 horninibus
835 3940 919 3992 adhuc
929 3927 1110 4041 s22¹‚t)i>0¹'¹¹¹¹1²P
1145 4036 1148 4041 .
