2512 4424
285 284 456 341 tutetur
473 287 698 346 uxrosirlo.
718 290 799 346 CAP.
818 293 905 348 xiii.
1074 292 1128 352 Μ

62 374 121 431 sed
131 389 186 444 pro
197 377 322 435 veritate.
559 381 607 431 Sed
625 396 672 445 pro
687 387 818 436 sanctitate
832 384 976 437 inducenda
992 388 1018 437 at
1033 388 1128 442 tuende

373 509 380 524 ι
529 449 585 499 data
598 455 636 500 est
646 451 719 502 nobis
732 457 850 515 potestas.

83 506 126 592 ‚⁹⁹
150 504 312 560 Gandemus
335 521 412 562 emm
432 522 507 577 quo-
558 517 668 568 tsntdm
684 520 754 570 abest
776 525 803 570 nt
819 522 920 584 cupiam
939 523 967 572 in
979 534 1024 571 ros
1044 531 1128 571 meam

61 593 138 635 ntum
152 593 208 635 nos
219 582 322 638 inilrml
334 599 448 651 snmus,
528 591 675 650 potestatem
702 591 850 652 osteuders;
873 591 991 653 quinimo
1014 590 1127 652 gaudeo,

528 655 703 706 cumunilam
722 658 791 707 iilius
810 660 952 710 exercendas
970 662 1128 711 occasionem

528 723 639 784 hahens,
651 724 739 775 uldeor
756 725 888 784 infirmnm

61 783 226 838 vosautem
238 788 452 852 potentesestis.
558 789 606 840 Vos
629 790 690 842 vero
709 792 804 841 virtute
826 791 921 852 validi,
943 795 971 843 et
995 791 1127 856 conspicui

528 859 648 910 fueritiss

61 923 118 975 iioc
129 925 159 975 ei
176 933 291 975 oramus
302 927 424 977 vestram
435 937 505 979 con-
557 925 593 976 ot
604 925 652 977 lroc
662 938 715 977 non
730 924 813 977 soldm
824 925 920 988 gaudeo
929 963 937 984 ,
946 925 990 976 sed
1003 930 1029 976 et
1039 924 1127 976 obitos

61 998 289 1053 mmmmm,
526 994 643 1044 ardenter
654 1007 698 1044 oro
708 999 818 1045 vestram
836 993 973 1058 perfectam
988 995 1015 1042 in
1031 993 1127 1042 suncti·

526 1067 578 1112 tsie
588 1066 806 1113 restaurationem.

93 1119 502 1188 to.1deciraecanscnsscrtbo‚
557 1128 608 1180 ilac
619 1130 650 1179 da
668 1143 744 1180 consu
760 1131 851 1180 absens
869 1127 952 1179 scribo
970 1127 1041 1177 vobis
1056 1137 1128 1176 seva·

62 1204 157 1253 utnon
170 1211 296 1265 praesens
311 1197 409 1251 duride
424 1213 504 1267 egam
526 1198 592 1259 ritis,
608 1203 638 1250 ut
648 1211 756 1262 presens
769 1213 821 1249 uon
835 1210 909 1259 cogar
921 1209 975 1247 csse
986 1207 1088 1246 severus
1098 1197 1128 1257 ip

61 1275 217 1329 pecundum
237 1280 403 1342 potestatem
419 1291 503 1343 quam
526 1279 570 1316 vos
580 1267 716 1318 exercendo
732 1267 854 1331 puniendi
870 1270 1036 1330 potestatem,
1047 1277 1125 1326 uuam

61 1354 197 1407 pominus
208 1353 285 1407 dedit
295 1354 364 1406 mihi
378 1354 406 1406 in
417 1356 505 1408 aedifl,
526 1334 648 1387 Dominus
666 1337 730 1386 mihi
746 1336 815 1388 dedit
833 1338 862 1387 in
880 1335 978 1386 bonum
996 1337 1124 1395 resisum.

61 1429 215 1493 sotionem,
229 1434 257 1482 et
277 1442 336 1482 non
349 1429 380 1483 in
391 1430 504 1484 destru-
526 1414 577 1452 ⁰⁰¹¹
592 1404 620 1454 ¹¹¹
637 1406 754 1474 imnum·

60 1507 193 1559 ctionem.

91 1586 139 1638 it.
149 1586 191 1637 ne
202 1588 314 1649 caetero,
322 1583 432 1650 iratres,
439 1598 504 1652 gau·
555 1586 590 1637 lie
600 1591 705 1644 cetero.
718 1586 820 1649 iratres,
837 1585 1122 1650 procurationum
1163 1640 1166 1646 ,

25 1655 33 1670 “
59 1660 138 1728 dete,
152 1660 271 1728 perfecti
286 1669 389 1728 emole,
404 1662 505 1716 exhos-
525 1655 623 1705 undem
633 1657 745 1719 quotidie
753 1657 870 1707 meliores
880 1655 1005 1718 tleri;ros
1013 1656 1123 1705 invicem

87 1825 202 1878 Potestas
212 1802 380 1890 punitiva⁸ius
390 1827 491 1878 nullum
501 1826 578 1878 habet
589 1829 616 1877 in
627 1826 845 1879 benefacientem.

87 1895 201 1946 Potestas
214 1895 396 1946 miraculorum
409 1901 434 1947 et
451 1899 534 1946 omnis
549 1900 659 1959 potestas
675 1896 813 1958 spiritualis
824 1894 956 1944 ordinstnr
969 1892 1002 1944 sd
1015 1896 1121 1958 bonnm,

58 1964 92 2016 ed
108 1968 260 2025 veritatem,
271 1963 304 2013 ad
316 1966 440 2025 iustitiam
451 1964 640 2023 inducendam,
654 1963 790 2024 tuendam,
804 1962 1014 2013 conservandam.

88 2053 114 2101 e.
129 2049 274 2100 Geodcmer
285 2049 381 2101 enim...
396 2049 545 2112 cucumer...
557 2048 601 2098 Gr.
615 2047 725 2111 qnando.

87 2116 117 2168 ld
131 2119 186 2177 est,
200 2116 301 2166 tantum
315 2117 386 2168 abest
397 2123 427 2167 ut
438 2117 524 2181 cupidi
536 2119 616 2167 simus
627 2116 786 2167 ostendendo
797 2115 926 2178 potcstatis
939 2118 1049 2177 nostres,
1065 2119 1095 2167 ut

50 2189 147 2239 contre
161 2185 318 2248 gaudeamus
336 2199 397 2236 cum
411 2199 501 2238 sumus
519 2185 614 2236 inilrnsi
622 2205 631 2248 t
643 2199 687 2236 sen
708 2185 806 2237 nuliam
824 2183 948 2237 habemns
962 2185 1122 2237 occasionem

57 2258 211 2320 potestatam
225 2259 339 2304 nostram
356 2254 562 2316 demonstrandi,
574 2267 619 2305 uos
630 2253 768 2318 puniendo.

58 2325 218 2444 slntlrmhsnri
236 2323 296 2386 iric,
315 2328 354 2375 cst
368 2328 517 2389 potestatem
537 2336 590 2375 non
611 2319 730 2375 excrearo'
751 2318 936 2383 rumorosus,
955 2325 981 2371 et
993 2327 1049 2387 post
1061 2336 1122 2377 eum

77 2394 167 2447 ‚Anse
206 2406 245 2445 us.

91 2470 140 2520 Vos
150 2474 237 2519 uuum
252 2471 377 2531 potentes,
387 2465 463 2529 culpi
473 2468 564 2529 uacui,
578 2468 672 2518 virtute
688 2470 835 2532 conspicui,
846 2469 926 2532 grstid
942 2470 1033 2530 fortes,
1046 2470 1123 2532 virgus

58 2541 152 2590 noetrae
163 2548 217 2587 non
228 2535 344 2598 obnoxii,
356 2538 504 2598 potestatem
518 2540 631 2586 nostram
642 2548 693 2585 non
703 2538 830 2588 timentes.

88 2614 144 2663 Hoc
155 2617 178 2662 ct
193 2623 337 2661 cccmus...
350 2609 399 2675 lroc
409 2621 461 2660 non
474 2608 557 2660 solum
570 2615 628 2673 opto
646 2615 671 2660 et
684 2622 779 2672 voveo,
796 2610 840 2661 sed
850 2615 876 2662 et
886 2625 931 2662 oro
941 2614 1050 2662 vestr-'nm
1064 2621 1123 2673 per·

57 2680 204 2732 tectionem.
211 2679 348 2740 Erasmus,
359 2682 469 2728 vestram
482 2681 700 2729 restaurationem.
719 2678 777 2742 Syr.
792 2682 822 2730 nt
833 2692 878 2731 vos
898 2680 1079 2744 perficiamini,
1095 2679 1122 2729 id

58 2754 111 2813 eet,
123 2753 154 2800 ut
162 2751 191 2799 ln
201 2749 272 2799 omni
285 2750 364 2811 grstia
375 2751 401 2799 et
413 2751 505 2798 virtute
520 2750 574 2798 sitis
585 2747 697 2812 perlecti.

90 2837 130 2884 10.
144 2833 203 2882 idco
224 2832 275 2882 dcc
290 2832 378 2881 obrem
388 2830 470 2881 rumbo
472 2864 552 2880 ........
566 2833 696 2894 propterca
706 2830 776 2892 hoec,
786 2832 823 2882 sic
834 2831 968 2894 increpans
982 2833 1007 2881 at
1018 2833 1122 2890 minax,

56 2901 143 2957 scribo
160 2900 231 2950 robis
245 2901 351 2962 absens,
364 2913 413 2963 ne,
429 2899 488 2950 curn
501 2911 609 2960 venero,
626 2899 715 2950 durids
730 2913 803 2963 agam
823 2901 967 2962 vobiscum3
979 2913 1023 2949 seu
1038 2904 1066 2950 ut
1078 2910 1124 2948 vos

58 2972 187 3024 correctos
208 2971 355 3031 inveniens,
369 2981 421 3018 non
436 2973 494 3019 utar
507 2971 535 3019 in
556 2982 601 3019 uos
619 2974 739 3032 potestate
754 2971 891 3033 puniendl;
909 2983 986 3032 quom
1001 2969 1122 3018 Dumium

57 3039 126 3091 milti
136 3039 205 3087 dedit
214 3038 242 3087 io
249 3044 357 3088 ameum
370 3037 573 3100 edificationem,
582 3049 626 3087 seu
637 3037 670 3087 ed
677 3039 878 3101 promovendum
885 3038 981 3087 honum
994 3033 1124 3098 spirituale

58 3111 207 3162 ammarum
216 3112 358 3159 rostrorum
368 3142 375 3169 ‚
387 3112 412 3157 ct
422 3121 472 3156 oon
487 3105 519 3156 ad
534 3108 555 3168 ej
560 3120 589 3156 us
602 3109 800 3158 destructionem.

90 3178 202 3230 'lantum
217 3178 288 3229 obest
301 3181 331 3228 nt
350 3178 452 3239 cupium
467 3181 632 3226 correctorem
650 3189 724 3239 agere
745 3176 786 3226 vel
806 3189 953 3237 censorem
971 3172 1023 3224 imo
1038 3172 1119 3239 potiris

58 3249 114 3301 hese
125 3247 197 3299 robis
214 3248 313 3310 scribo,
329 3260 362 3297 ns
382 3247 522 3308 corrigamr
541 3250 653 3296 vestrum
665 3247 761 3296 bonum
777 3258 875 3307 quaro,
888 3257 940 3294 uon
951 3246 1077 3305 exitinm;
1094 3248 1121 3295 ui

58 3321 148 3385 pater,
163 3321 192 3367 nt
204 3317 320 3368 medicus
331 3329 377 3379 ago
391 3329 421 3366 ex
434 3328 535 3376 amore,
549 3328 602 3364 non
617 3315 728 3377 exodio,
742 3319 788 3366 aut
800 3314 979 3364 dominationis
990 3311 1119 3363 desiderio.

91 3387 137 3438 liic
153 3388 187 3437 sit
200 3399 299 3448 semper
309 3385 405 3450 praelati
422 3386 569 3448 corrigentis
581 3386 699 3446 animum
715 3384 835 3447 huncque
856 3382 954 3435 studeat
973 3382 1120 3446 delinquen·

59 3456 130 3509 tibus
143 3461 170 3507 ct
184 3458 304 3506 correctis
314 3455 440 3505 exhibere.

93 3543 132 3590 ii.
144 3541 181 3589 De
192 3545 292 3597 mtcro,
309 3538 418 3601 scotres,
429 3537 547 3600 pendete,
563 3534 661 3587 scilicet
671 3536 698 3585 in
714 3535 831 3586 liomlno.

91 3609 221 3660 Gaudium
233 3608 281 3659 hoc
293 3608 324 3659 da
335 3607 510 3658 emendatione
527 3608 592 3668 erit4
610 3605 713 3657 undeet
728 3608 860 3671 provenire
879 3607 971 3670 poterit
981 3603 1100 3669 perfectio
1112 3615 1121 3654 c

59 3679 302 3820 Awscclliscctmc,
318 3751 344 3801 id
358 3753 413 3813 est,
424 3749 524 3802 studete
534 3750 647 3814 quotidie
656 3748 774 3802 meliores
785 3750 853 3813 tisri,
862 3761 907 3801 seu
918 3747 1012 3799 tendite
1022 3744 1055 3796 ad
1065 3756 1124 3811 pers

60 3822 216 3881 lectionem,
229 3821 266 3869 sit
281 3819 310 3870 Ι).
320 3820 438 3871 Thomas.

61 3892 392 4024 uafexha'irtms'ztr'u‘sinmm
403 3892 437 3945 ed
446 3891 560 3955 bonum,
570 3889 612 3944 rai
620 3890 803 3954 consolamini,
813 3902 859 3943 seu
869 3886 1065 3946 cumulationem
1072 3883 1122 3955 ‘hii-

121 4003 131 4030 ,
281 3992 290 4009 .
