2512 4424
314 287 487 340 rnrrnrx
504 265 731 343 exrosrr'ro.
751 289 830 344 cue.
851 290 901 341 ur.
1081 289 1136 341 im

108 381 137 451 7.
150 383 196 436 10.
210 379 251 435 lte
266 386 365 447 putent
378 386 470 436 autem
483 383 537 437 hoc
557 384 592 436 ab
609 397 643 436 eo
660 382 730 447 dici,
746 388 777 437 ut
793 398 868 437 nunc
892 381 989 435 saltem
1008 379 1133 446 donent,

71 468 233 530 asseverat,
250 464 334 516 etiam
351 465 422 518 sub
411 473 588 532 juramento,
603 465 700 533 quod
692 479 721 516 m
734 466 834 519 Achaia
854 479 993 533 nusquam
1004 464 1072 531 quid
1085 476 1135 517 ac-

72 549 173 615 cipiet
188 553 219 601 ut
231 548 473 616 pseudoapostolis
490 562 522 602 os
534 549 653 603 obturet

106 629 194 697 213
208 628 287 682 Vivis
299 642 348 681 eos
357 629 481 696 depingit
492 630 649 694 coloribus3
661 627 771 682 fallaces
782 635 809 683 et
822 595 911 682 dolosi
924 634 988 682 sunt
999 627 1134 694 operarii:

71 712 273 778 Apostolorum
284 710 399 778 quidem
411 712 511 766 christi
531 713 638 765 larvam
656 710 879 765 circumierunt·
895 718 923 764 at
935 711 993 764 reri
1007 716 1071 763 sunt
1083 711 1136 763 Sa·

72 800 147 850 tanae
157 794 296 858 ministri,
308 809 430 861 quorum
444 795 507 848 finis
518 795 572 848 erit
582 794 667 847 miser
678 801 707 847 et
717 796 815 847 malus.

105 878 136 945 ᾗ.
148 879 195 929 16.
214 881 318 930 lterum
331 878 442 931 veniam
454 878 539 946 petit,
553 877 577 929 si
591 877 661 944 quid
671 877 708 931 ad
721 877 833 930 laudem
845 889 925 928 suam
936 875 1044 939 dixerit;
1054 875 1136 928 hanc

71 973 129 1027 que
151 959 186 1012 eo
204 959 313 1012 facilius
328 966 420 1026 sperat
432 960 468 1013 ab
483 961 548 1026 illis,
563 960 640 1028 qnod
661 965 690 1013 et
707 959 956 1026 pseudoapostolos
977 957 1134 1024 patiantur,

72 1055 131 1094 uon
145 1041 240 1094 verbis
258 1041 367 1094 tantum
386 1042 587 1109 jactabundus,
601 1041 651 1097 sed
672 1047 701 1095 et
718 1042 851 1109 operibus
867 1039 1020 1105 onerosos3
1033 1039 1137 1093 scilicet

71 1137 203 1194 rapaces,
217 1125 410 1192 devoratores,
426 1126 680 1179 contumeliatores.

105 1207 137 1274 7.
155 1209 201 1260 21.
216 1209 268 1261 Per
280 1207 416 1273 ironiam,
431 1215 459 1261 et
476 1206 601 1276 proiecti
620 1215 743 1277 gratam,
759 1206 860 1261 fatetur
872 1205 950 1274 quod
961 1207 991 1259 in
1003 1205 1058 1260 hoc
1076 1205 1136 1273 qui·

70 1291 138 1343 dem
158 1291 195 1343 sit
218 1290 461 1357 pseudoapostolis
478 1291 593 1345 inferior
617 1309 625 1345 ε
645 1297 674 1344 at
691 1291 721 1344 in
743 1291 819 1344 nullo
839 1291 912 1356 alio,
926 1291 984 1344 sive
1006 1295 1133 1353 naturoe,

70 1375 132 1427 sive
142 1373 238 1441 gratiae
249 1373 335 1427 douo.

103 1456 135 1524 ᾗ.
150 1459 196 1510 22.
210 1456 308 1519 Quoad
319 1462 448 1510 naturam
459 1496 467 1522 ,
480 1457 504 1509 si
515 1454 628 1511 Hcdroei
637 1459 722 1525 suat,
734 1459 761 1511 et
771 1467 822 1526 epo
830 1475 843 1520 ,·
855 1456 948 1524 quoad
961 1455 1094 1524 gratiam,
1111 1453 1134 1507 si

69 1537 182 1594 Christi
201 1537 329 1592 ministri
351 1543 418 1594 sunt
435 1557 446 1594 :
465 1553 531 1592 cum
550 1540 715 1594 verecundia
735 1541 865 1608 quidem,
890 1545 918 1594 nt
938 1553 1003 1594 cum
1019 1537 1135 1594 veritate

69 1624 153 1687 dico,
168 1622 246 1690 quod
259 1620 328 1690 plois
348 1633 409 1690 epo.

104 1709 185 1759 lianc
204 1705 352 1760 veritatem
368 1705 398 1758 in
410 1706 518 1772 reliquo
530 1705 619 1772 capite
631 1705 731 1772 probat
744 1745 752 1769 ,

102 1793 157 1843 Per
167 1790 280 1843 labores
297 1789 446 1855 plurimos
461 1802 533 1855 quos
543 1803 594 1856 pro
606 1789 714 1842 Christo
729 1789 860 1855 suscepit.

102 1877 157 1928 Per
170 1873 318 1940 passiones
328 1873 439 1939 plnres,
454 1887 525 1940 quas
536 1871 661 1925 toleravit
672 1873 701 1924 in
713 1886 841 1938 corpore.

102 1960 157 2010 Per
168 1955 370 2011 sollicitudines
382 1955 467 2008 animi
485 1955 528 2008 sui
548 1969 599 2021 pro
612 1955 741 2007 omnibus
754 1955 893 2009 Ecclesiis.

102 2043 158 2094 Per
169 2039 313 2095 charitatis
325 2052 383 2092 suoe
395 2037 616 2093 condescensum
628 2052 679 2104 pro
691 2037 818 2092 infirmis.

103 2127 158 2179 Per
178 2124 292 2179 dolores
304 2136 371 2177 suos
381 2136 433 2190 pro
446 2122 648 2177 scandalizatis.
