2512 4424
317 293 485 348 TRIPLEX
504 296 726 352 EXPOSITIO.
746 299 828 353 CAP.
847 301 880 353 X.
1076 302 1129 354 ile

64 386 135 440 enirn
146 386 328 454 pervenimus
339 389 370 442 in
381 393 507 458 iivange-
528 393 615 442 reveri
633 392 704 443 etde
720 392 784 443 lecto
799 395 876 456 primi
893 392 925 443 ad
944 404 988 443 ros
1008 397 1128 455 pervcni-

64 464 100 517 iio
116 463 230 520 Christi,
529 476 602 522 mus,
620 463 696 526 primi
711 463 876 526 Evangeiium
895 464 988 513 Cbrlsti
1006 464 1127 527 predica-

94 597 142 648 15.
151 597 214 648 iton
223 596 254 650 in
266 597 435 650 immensum
447 597 507 664 gio-
528 534 643 659 miggene
656 599 722 648 sicut
739 599 857 660 quidam,
869 601 924 649 elne
939 599 991 650 tine
1006 604 1032 650 et
1049 599 1126 649 modo

62 672 166 725 flantes
180 672 211 724 in
225 673 324 726 alienis
340 673 504 726 laboribus:
527 664 664 727 gloriamur
681 664 712 713 de
727 664 854 714 laboribus
867 666 955 716 alienis
974 686 981 716 ε
996 678 1128 728 speramus

62 759 141 814 ,pem
159 752 255 801 autem
274 745 409 802 bahem,
427 763 506 803 cres,
528 735 613 779 autem
634 731 719 792 quod,
738 730 788 780 tide
808 733 890 781 vestri
911 738 1055 814 crescente,
1081 745 1127 795 per

61 823 151 877 oemis
167 823 233 877 fidei
250 826 410 890 ,esmeria
426 826 506 881 vobis
527 799 596 849 hune
614 804 727 849 ambrum
750 799 889 861 proiectum
910 803 936 850 ln
952 802 1061 862 meiius,
1081 815 1127 850 au·

60 901 400 970 ...mcum
422 917 506 972 ...
527 869 673 986 ebal
686 869 1127 988 emembrem

59 981 284 1036 lamnestramin
294 981 502 1048 abundantiam,
526 1006 617 1056 lemn,

93 1073 140 1126 ld.
160 1072 251 1126 Etiam
268 1073 298 1126 in
315 1074 361 1128 ilia
379 1089 442 1142 quae
459 1077 504 1129 ul·
557 1076 589 1125 bt
601 1079 720 1139 preterea
734 1047 865 1139 speramus
877 1075 945 1138 quod
960 1075 992 1125 ad
1007 1075 1071 1125 alias
1084 1075 1126 1125 ui-
1158 1059 1161 1064 ’

59 1153 102 1200 tra
120 1161 174 1201 vos
192 1154 274 1213 sunt,
295 1151 502 1216 evangelizare:
526 1149 566 1195 tra
588 1145 738 1195 Corinthum
765 1147 908 1207 provincias
936 1145 1124 1207 progrediemur

59 1238 118 1277 non
135 1225 167 1278 in
182 1225 273 1279 auena
290 1217 399 1295 reguli,
420 1228 449 1280 in
469 1229 504 1282 fis
526 1213 735 1276 evangelizando,
747 1227 799 1263 non
815 1215 843 1263 ln
858 1213 919 1264 loeis
929 1226 974 1277 per
987 1212 1050 1263 allos
1061 1224 1125 1275 prm-

91 1427 171 1487 Quass·
181 1427 532 1491 eoopcrtiopeotesodoos...
549 1427 641 1489 idest,
657 1427 774 1490 equidem
788 1427 858 1478 iilam
875 1428 1123 1492 superextendam,

58 1499 79 1547 si
92 1497 126 1547 ad
139 1509 185 1547 vos
195 1497 283 1547 reveri
291 1509 344 1546 non
354 1501 534 1561 pervenissem.

91 1572 173 1634 Usque
185 1571 221 1621 od
237 1572 363 1622 auserim
378 1573 537 1635 pervenimus
554 1572 583 1621 ie
598 1569 735 1633 Evangelio
752 1570 858 1630 Christi,
871 1571 897 1621 ld
912 1576 963 1633 est,
974 1575 1001 1624 at
1011 1573 1042 1623 de
1057 1572 1124 1625 laeto

57 1640 91 1690 ad
103 1653 149 1690 ros
160 1641 265 1703 perveni
275 1642 302 1688 et
313 1641 412 1703 prlrnus
421 1641 527 1705 perveni
541 1657 549 1690 s
561 1636 660 1703 primus
669 1639 834 1701 Evangeiium
845 1641 939 1691 Christi
951 1642 1022 1692 robis
1034 1641 1125 1705 predi-

58 1711 126 1760 cavi.
420 1721 426 1736 ·
942 1711 944 1714 ’

88 1780 125 1829 iic
136 1778 210 1828 robis
220 1789 279 1841 ergo
290 1779 350 1830 tiliis
361 1782 438 1841 meis,
452 1779 526 1830 vlned
542 1780 614 1839 med,
626 1790 701 1842 opere
714 1790 785 1840 meo,
796 1791 900 1841 possum
910 1779 1001 1829 merito
1012 1778 1122 1842 gloriari.

88 1847 212 1900 Retundlt
229 1849 492 1912 pseudoapostolorum
504 1851 659 1908 vanitatem,
675 1849 758 1898 verbis
771 1861 798 1898 se
808 1850 960 1909 lactantium
971 1853 996 1898 et
1006 1860 1124 1911 superex-

56 1917 220 1969 tendentlum
236 1936 243 1966 ε
256 1917 300 1967 sed
320 1918 352 1968 de
372 1917 439 1967 laeto
454 1917 551 1967 nullam
571 1917 660 1965 urbem
673 1917 688 1966 e
699 1929 726 1966 se
747 1928 896 1966 conversam
911 1916 1098 1968 ostendentium
1114 1937 1121 1967 ε

57 1990 146 2048 sieque
162 1984 193 2034 de
205 1984 346 2046 alienis‚·et
360 1999 412 2035 non
428 1985 459 2035 de
472 1986 526 2036 suis
538 1984 664 2034 laboribus
674 1984 845 2046 gloriantium.

91 2070 130 2118 1⁵.
147 2068 203 2118 Noe
213 2068 242 2118 s’a
253 2067 402 2118 s’mmenrum
411 2067 578 2130 gloriantes...
589 2065 633 2116 Gr.
646 2079 698 2116 non
711 2067 738 2116 ln
755 2068 937 2115 immensurata
948 2065 1120 2128 gloriantem...

57 2139 116 2201 Syr.
129 2148 211 2199 neque
222 2134 359 2199 gloriamur
371 2140 462 2201 praeter
472 2148 620 2186 mensuram
633 2139 745 2186 nostram
758 2136 785 2184 in
797 2134 881 2184 labore
892 2134 983 2186 alieno.

87 2207 182 2267 idest,
195 2217 248 2254 non
266 2207 364 2255 erimus
379 2204 393 2253 d
406 2205 530 2255 limitibus
548 2206 642 2255 nostris
650 2240 658 2266 ,
676 2203 809 2266 gloriantes
824 2202 855 2253 de
875 2203 1002 2253 laboribus
1015 2203 1120 2266 alienis,

56 2278 126 2325 sicut
135 2274 314 2324 obtrectatores
327 2275 395 2335 mel,
409 2276 452 2335 qul
463 2273 602 2339 gloriantur
613 2272 645 2324 de
655 2272 788 2334 Ecclesiis,
799 2284 863 2335 quae
875 2271 1045 2322 luadaverunt
1055 2273 1099 2324 alil
1112 2312 1120 2336 ,

57 2344 198 2406 earumque
215 2357 242 2395 se
255 2343 384 2407 Apostolos
397 2343 458 2394 laisd
473 2345 579 2404 laetam.

88 2414 165 2475 Quasi
177 2414 272 2464 diceret
282 2413 362 2463 :cum
373 2414 404 2463 de
414 2413 485 2463 vobis
495 2411 602 2474 glorior,
613 2423 666 2462 non
681 2411 772 2474 glorior
781 2423 858 2475 snpra
871 2410 985 2473 modum,
997 2411 1121 2463 delabere

56 2483 156 2543 alieno,
169 2485 237 2532 sicut
247 2482 446 2545 pseudoapostoli
461 2501 467 2532 ι
481 2482 548 2531 Nom
557 2483 586 2531 to
602 2480 698 2531 t'llrirto
713 2482 773 2531 iesu
787 2495 834 2544 per
844 2481 1010 2545 Euangelium
1022 2495 1066 2546 epo
1076 2496 1120 2533 eos

57 2553 148 2615 penui,
156 2554 244 2615 prime
255 2552 313 2601 Cor.
330 2553 353 2601 i.
369 2553 407 2601 15.
420 2551 505 2602 Nonne
513 2563 577 2614 opus
592 2562 676 2600 meum
688 2563 733 2601 eos
745 2552 820 2601 estis?
833 2553 859 2601 9.

89 2626 166 2690 Spem
178 2631 263 2676 cutem
271 2611 411 2686 babentes,
425 2625 451 2676 id
460 2627 515 2687 est,
526 2623 666 2686 babemus3
680 2636 741 2686 eeu,
752 2627 782 2674 ut
794 2626 831 2675 ait
840 2623 934 2687 Syrus,
945 2624 989 2674 sed
1001 2628 1039 2675 est
1047 2624 1120 2675 nobis

56 2708 124 2758 spes.

91 2769 223 2822 Gresomtie
235 2768 310 2832 fidei,
325 2768 352 2818 id
365 2771 417 2829 est,
427 2773 577 2831 augescente
588 2767 636 2817 lide
645 2766 737 2817 vestri.
755 2766 1014 2829 synemmenae
1027 2768 1118 2818 vestri.

88 2839 170 2889 Graeci
182 2850 227 2902 per
240 2839 363 2901 genitivos
374 2840 517 2900 exprimunt
527 2849 597 2900 ,quer
608 2837 690 2887 Latini
701 2850 745 2900 per
757 2837 880 2886 ablativos
893 2835 1027 2900 absolutos.

89 2914 118 2963 ln
132 2914 206 2962 oobs'e
221 2913 392 2974 magnificari.
406 2911 462 2973 syr.
480 2924 526 2960 nos
539 2914 567 2961 ln
578 2912 649 2962 robis
667 2911 857 2973 magnificatum
873 2912 921 2972 lrl,
937 2911 964 2961 ld
980 2915 1035 2972 est,
1046 2923 1119 2974 spero

57 2982 124 3045 quod
137 2994 182 3045 per
198 2980 275 3042 bajus
295 2979 353 3029 tidei
368 2983 457 3029 vestre
471 2979 629 3043 proiectum,
640 2979 860 3042 magnificabimur
876 2981 904 3029 iu
922 2979 993 3029 robis
1010 2990 1075 3028 seen
1090 2980 1118 3028 in

57 3053 127 3102 vebis
141 3050 274 3113 augebitur
285 3048 361 3110 gloria
377 3051 484 3109 nostra,
499 3053 599 3112 propter
611 3053 723 3099 vestrum
736 3050 762 3098 in
780 3048 871 3099 mellus
886 3059 912 3111 pr
917 3047 1035 3100 oleatum.

89 3124 233 3176 Seruaeum
241 3123 357 3186 regalem
374 3129 486 3172 nostram
496 3123 715 3173 inoboedentiam
725 3160 734 3182 ,
748 3123 838 3183 idest,
852 3123 992 3184 augebitur,
1003 3125 1118 3185 inquam,

57 3195 192 3245 semedrlm
205 3205 349 3242 mensuram
361 3191 453 3242 laboris
466 3194 545 3241 nostri
558 3193 583 3241 in
600 3194 671 3243 vobis
682 3191 837 3253 excolendis,
849 3191 1008 3255 perficiendis
1023 3195 1048 3242 et
1057 3205 1119 3255 pro·

58 3263 189 3313 movendis
204 3264 233 3311 iu
245 3262 437 3319 abunduntiam,
449 3273 493 3309 seu
505 3259 536 3309 ad
548 3259 736 3322 perlectionem.

11 3338 13 3343 '
85 3333 170 3382 Potest
181 3333 273 3390 etiam,
282 3331 310 3379 ie
318 3331 519 3389 abundantiam,
535 3332 599 3379 verti
609 3330 766 3382 abundanter
779 3332 805 3379 et
814 3331 886 3392 iungi
897 3330 987 3390 verbo,
1000 3331 1118 3394 mogold-

59 3402 183 3452 radimur.

88 3487 126 3533 16.
140 3483 228 3530 Etiam
241 3481 268 3528 in
279 3479 336 3538 silc,
348 3493 402 3541 oue
415 3480 485 3530 uitro
495 3483 613 3538 corruet,
626 3433 807 3540 eeoeeelirore.
819 3479 875 3542 Syr.
887 3474 950 3542 euin
961 3481 986 3529 et
996 3477 1062 3529 ultra
1073 3492 1117 3530 vos

59 3550 248 3613 progrediemur
265 3548 464 3610 evangelizando.

85 3619 177 3679 idest,
189 3621 214 3666 et
228 3621 346 3678 preterea
360 3629 432 3679 spero
446 3616 514 3678 qued
528 3616 561 3665 ad
580 3615 655 3676 alias,
667 3614 733 3664 ultra
743 3614 909 3677 Gduntbum,
923 3617 1035 3678 regiones
1044 3653 1052 3677 ,
1061 3629 1116 3679 pre

59 3688 200 3748 grediemur
211 3722 218 3745 ,
230 3685 358 3746 Evangelii
374 3685 527 3746 predicandi
538 3686 625 3747 gratia.

87 3761 178 3810 Noetu
187 3759 273 3808 aliene
283 3759 382 3820 reputo,
398 3763 427 3807 in
440 3761 472 3808 iis
487 3772 541 3821 que
555 3763 701 3822 preparate
710 3763 782 3816 suot,
795 3757 911 3820 gloriari.
929 3757 971 3807 Gr.
986 3760 1013 3806 in
1028 3759 1115 3819 parate
1168 3824 1169 3827 Ἴ

59 3829 175 3890 gloriari,
188 3829 214 3878 id
227 3831 279 3887 est,
295 3839 347 3877 non
357 3827 507 3890 gloriantes,
518 3841 562 3878 seu
578 3828 682 3890 gloriam
692 3832 805 3877 nostram
820 3840 872 3877 non
883 3831 1030 3890 quarentes.

87 3904 117 3952 io
125 3903 212 3952 alieno
228 3900 337 3964 seeum,
349 3901 440 3966 idest,
452 3904 479 3952 in
491 3901 582 3954 alienis
591 3902 722 3964 terminis,
733 3913 778 3952 sen
792 3903 819 3952 ln
834 3902 962 3964 provincia
973 3898 1029 3948 aliis
1038 3898 1054 3947 u
1063 3897 1116 3948 beo
1182 3898 1188 3911 '

61 3973 192 4029 assignata.
263 4008 266 4021 .
