2512 4424
280 249 451 306 rurum
468 250 692 307 expositio.
712 253 795 308 cau:
814 254 855 308 11.
1041 257 1097 312 ¹05

33 342 96 393 sisse
106 379 114 403 ,
126 343 171 405 uui
187 339 249 394 dicit
263 341 366 394 Petrmn
377 356 429 394 nun
446 345 514 396 reutd
528 345 684 408 amhuhsse,
700 349 725 397 et
741 347 798 398 ideo
817 347 894 398 luisse
911 347 1096 412 reprehensibi-

33 408 85 460 lem
95 448 103 472 ,
115 423 160 461 sen
172 409 367 474 reprohensione
378 413 493 475 diguam.

63 480 97 530 lit
111 480 200 531 revert
210 479 265 530 hue
278 483 450 546 interpretatio
462 482 614 547 probabilior
622 486 673 544 est,
685 487 711 534 et
723 495 781 534 eum
789 487 869 536 seenti
878 497 969 536 sumus
977 486 1006 534 in
1019 498 1095 549 uara·

32 547 121 613 phrasi
140 552 166 599 et
187 550 214 599 in
236 553 429 602 commentario.
447 573 451 580 -
657 577 664 588 ·

61 618 143 668 laetu
158 620 261 679 tamen,
281 622 307 667 et
322 619 454 670 observatu
472 620 620 683 dignissime
634 619 687 670 divi
702 619 807 671 loannis
824 619 997 684 chrysostomi
1013 624 1096 674 inler-

31 688 140 749 pretatlo
151 684 183 735 de
195 685 352 736 simulatoria
365 687 431 738 Petri
441 687 628 751 judaizatione,
650 691 677 738 et
692 688 850 740 simularent
868 689 940 740 Pauli
957 693 1096 755 reprehen-

31 756 113 804 aione.

61 821 143 872 liivus
153 823 223 872 enim
239 821 432 886 chrysostomus
453 825 521 877 idem
533 829 645 876 senserat
657 837 688 876 ec
706 824 781 877 dirus
794 825 981 891 Hieronymus,
995 833 1022 878 et
1037 833 1095 895 post

31 901 74 941 cus
88 889 295 954 'lhoophylaetus
310 895 335 942 et
348 892 481 944 duronius.

60 958 91 1009 lu
103 957 153 1010 hae
165 962 285 1024 opinione
300 960 388 1011 Petrus
402 961 531 1017 simulauit
546 961 721 1024 judaismum,
740 965 771 1013 nt
783 963 902 1016 dnurlaid
915 963 987 1015 Pauli
1010 978 1093 1030 repre·

28 1027 172 1090 honsione,
186 1041 275 1080 omnes
287 1030 387 1081 ludens
398 1030 414 1081 1
424 1029 553 1082 ludaismo
566 1029 705 1088 retraheret
716 1050 723 1081 a
735 1032 771 1082 ita
780 1035 809 1081 nt
819 1031 874 1085 hee
885 1035 972 1085 omnia
981 1047 1012 1084 ea
1023 1048 1095 1086 oum·

29 1099 113 1162 positu
127 1099 259 1161 utriusque
270 1111 394 1149 consensu
405 1103 473 1163 gesta
484 1099 587 1150 suerint.

59 1165 126 1217 licie
137 1169 252 1229 opinioni
266 1167 333 1217 iavet
347 1172 431 1219 textus
450 1168 552 1219 Graeens
567 1166 631 1216 κατὰ
644 1167 779 1234 πρόσωπον,
794 1170 930 1222 ισιιιιιᾶιὶιιι
944 1171 1051 1234 [uelem
1067 1172 1095 1223 id

30 1236 85 1295 ret,
99 1236 128 1284 iu
144 1237 272 1298 speeiem,
285 1239 322 1286 ait
338 1236 367 1288 h.
384 1237 577 1301 chrysostomus
585 1257 594 1301 ς
606 1238 673 1290 iavet
685 1243 711 1290 et
725 1239 793 1303 qnod
808 1252 836 1291 ιι.
850 1243 888 1292 19.
900 1241 1010 1293 dicitur.
1025 1253 1095 1291 ecoe-

29 1303 198 1364 mulnet,
210 1307 236 1355 id
247 1310 298 1366 est,
308 1307 345 1356 ait
351 1304 553 1370 chrysostomus,
565 1312 591 1358 et
599 1309 785 1360 simulaverant
793 1323 854 1360 eum
865 1321 895 1359 co
908 1313 991 1361 ceteri
1003 1312 1094 1363 indui.

59 1372 112 1423 Nee
129 1373 181 1424 diel
195 1374 269 1424 dehet
284 1375 352 1437 qudd
369 1375 419 1426 hoe
435 1375 518 1429 urent
534 1377 684 1429 mendacior
703 1382 741 1430 est
756 1382 825 1429 enim
841 1384 991 1443 stratagema
1010 1379 1095 1444 potine

27 1441 108 1505 quam
118 1441 297 1503 mendacium,
311 1445 348 1493 ait
357 1443 514 1495 Corneliusd
525 1444 627 1511 Lepide,
640 1460 716 1510 quem
725 1447 783 1498 vide
793 1460 850 1511 pag.
863 1451 918 1510 999,
930 1451 1049 1500 columnd
1061 1453 1076 1498 2
1083 1468 1092 1511 3

30 1507 96 1561 lama
108 1511 194 1574 nutius
206 1516 231 1561 ct
243 1511 343 1563 inciilds
357 1519 511 1565 menmntnr
528 1515 544 1564 i
559 1516 710 1577 mendacio,
730 1517 807 1579 quim
823 1517 908 1566 verba.

59 1579 160 1630 Fuissm
176 1581 280 1641 quidem
295 1581 473 1644 mendacium,
489 1585 511 1633 si
527 1583 616 1635 Petrus
629 1584 787 1646 judaismum
806 1585 915 1634 exterius
934 1585 1092 1650 simulasset,

28 1658 107 1710 mm
126 1649 236 1699 interius
252 1651 280 1700 iu
303 1651 378 1701 eorde
399 1651 581 1703 ddmmretnrr
598 1653 642 1703 ssd
655 1652 711 1703 hoe
727 1665 779 1703 uon
795 1653 882 1703 doeuit
896 1654 973 1704 dirus
984 1655 1093 1707 loannes

28 1717 238 1839 1ῃῦιιιιιγωιιιιιιοιιιιιι,
256 1733 305 1772 uec
323 1721 398 1772 dlrns
410 1722 593 1786 hieronymus,
607 1725 644 1772 ait
660 1723 729 1773 idem
745 1723 894 1784 Gemellas,
905 1725 999 1775 lhideru
1012 1731 1034 1776 1.
1048 1740 1093 1777 uo-

58 1820 129 1907 ffiuc·
139 1857 209 1908 idem
220 1857 353 1910 Cornelius
363 1858 512 1923 putatundd
520 1860 694 1921 inquestione
703 1859 735 1909 de
744 1858 905 1910 simulatione
915 1864 940 1910 et
951 1861 1093 1922 mendacio,

29 1935 82 1975 uun
94 1937 151 1976 sese
160 1927 273 1977 invicem
288 1930 348 1978 setis
359 1927 530 1978 lutedexeriut
539 1927 612 1977 drus
622 1928 791 1992 lllcronymua
801 1932 827 1978 et
836 1928 911 1980 diuus
921 1931 1094 1993 augustiuus,

30 1992 125 2067 ibidem
137 1997 202 2056 999,
215 1998 243 2046 in
257 1995 311 2047 duc
321 1998 346 2047 2.
358 1996 492 2048 eolumnar.

31 2135 203 2188 woelfflan
220 2137 337 2200 mets,
352 2140 439 2190 rectu
460 2138 693 2202 Mercedemd
708 2141 826 2202 plemeus
842 2137 952 2190 mummd
967 2138 1091 2200 notendo,

398 2210 734 2272 dudprcmmreds'oendc.
779 2213 782 2216 ’

61 2334 157 2386 Pareo.
167 2358 201 2373 -
210 2333 256 2385 hel
268 2336 386 2387 minister
400 2336 434 2387 ah
443 2337 558 2400 exemplo
566 2337 592 2388 S.
604 2337 676 2388 Pauli
686 2336 767 2388 distat
776 2337 841 2388 nihil
855 2339 884 2389 ln
894 2351 940 2389 suo
951 2340 1092 2390 ministeriu

30 2403 229 2469 numadum,
248 2404 362 2468 nihilque
379 2407 549 2457 omittendum
558 2443 565 2468 ,
575 2408 644 2470 qued
652 2410 731 2471 possit
743 2420 807 2471 opos
818 2408 861 2459 liei
874 2421 1034 2472 promoverer
1049 2409 1093 2460 scd

30 2477 115 2526 emula
131 2474 223 2567 ululis
239 2477 385 2526 animarum
395 2475 523 2527 ohuueula
540 2477 648 2528 sollicite
655 2477 837 2529 submovenda.
850 2477 912 2528 Vide
922 2481 950 2528 iu
961 2490 1093 2528 commea-

30 2545 96 2664 Ἣ
108 2548 231 2675 'siemera’
245 2614 358 2678 exemplo
375 2615 456 2665 diseat
473 2617 680 2677 generositatem,
700 2616 751 2678 qud
769 2617 902 2686 veritatem
921 2615 1092 2677 evangelicum

32 2690 190 2746 propugnare
205 2683 290 2745 dehet,
309 2697 336 2734 n.
353 2686 376 2734 5.
393 2685 486 2734 ibidem
504 2685 584 2735 disent
600 2690 625 2734 et
640 2685 811 2748 prudentiam.

58 2778 186 2830 Saousuo.
197 2803 231 2814 -
239 2777 327 2828 Omnis
338 2779 496 2831 Christianus
505 2782 537 2831 ab
548 2780 636 2830 eodem
644 2778 761 2843 Apostolo
774 2779 855 2829 discut
870 2779 930 2842 quid
942 2783 969 2829 in
981 2779 1090 2842 praelatis

30 2851 53 2896 et
63 2847 237 2910 superioribus
253 2848 428 2899 ecciesiasticis
439 2850 597 2900 considerare
606 2861 657 2898 nun
666 2848 770 2910 debeat,
780 2849 876 2898 scilicet
887 2849 948 2909 qnid
956 2848 1090 2911 aliquando

31 2915 138 2978 luerint;
151 2916 247 2978 etquid
256 2916 345 2967 dehent
357 2918 524 2981 considerare,
534 2917 656 2967 nimirum
666 2917 734 2979 quod
745 2919 772 2966 ln
786 2918 896 2967 Ecclesia
911 2923 972 2966 sunt
984 2917 1028 2966 llel
1039 2918 1091 2966 rni-

30 2986 118 3047 nistrl,
132 2984 245 3046 Christi,
265 2987 360 3035 summi
375 2986 519 3048 Pontlssuls,
535 2988 641 3048 vicarii,
660 2986 779 3036 Ecclesiae
793 2986 935 3048 solumnae,
954 2999 981 3035 ιι.
1003 2990 1026 3036 6.

56 3080 164 3130 'lurum
177 3105 211 3116 -
221 3077 341 3130 Praelntus
357 3083 392 3131 itu
412 3084 519 3131 miretur
536 3094 640 3131 suavem
653 3080 697 3130 Del
714 3083 741 3131 ln
756 3082 890 3132 hominum
907 3081 986 3131 sainte
997 3094 1091 3144 procu·

30 3149 105 3220 reuda
117 3149 319 3213 providentiam,
334 3154 362 3200 ut
376 3155 402 3200 et
413 3151 484 3201 iliam
497 3152 627 3212 imitetur,
641 3154 713 3200 suavi
726 3155 751 3200 et
761 3152 881 3215 prudenti
898 3152 1019 3202 charitate
1031 3163 1091 3202 suos

29 3219 170 3279 gubernans
187 3219 314 3280 subditos,
333 3233 360 3270 u.
376 3224 400 3270 9.

54 3289 151 3339 lhidem
164 3293 190 3339 et
200 3289 233 3338 uh
248 3289 372 3350 apostolia
388 3290 469 3340 disard
487 3289 650 3343 concordiem
659 3299 748 3339 amare
759 3293 786 3338 et
800 3301 929 3350 querere,
946 3301 974 3337 n.
988 3293 1012 3339 9.

55 3359 177 3410 observet
188 3364 213 3409 et
225 3358 375 3410 charitatem
391 3362 419 3409 in
438 3371 575 3423 pauperes,
591 3359 727 3420 apostolico
738 3361 839 3408 muneri
851 3359 1009 3409 essentialem
1020 3372 1089 3423 esse,

28 3433 156 3548 afficto
172 3496 258 3559 Petri,
279 3496 413 3547 Jndaeeset
429 3499 513 3560 ipsum
529 3497 686 3557 Baruahum,
706 3496 776 3546 Pauli
791 3499 908 3546 comitem
919 3533 926 3557 ‚
938 3497 971 3546 ud
984 3497 1090 3547 simnia·

26 3569 121 3617 donem
137 3567 291 3628 inducente,
309 3567 496 3617 animadvertat
507 3566 575 3616 malo
590 3566 688 3629 prelati
701 3566 814 3629 exemplo
826 3567 891 3617 nihii
906 3580 958 3616 esse
970 3567 1090 3630 pestilen-

26 3637 91 3756 Ἢ
101 3640 218 3767 elrlusdaem
229 3705 296 3754 Petri
309 3703 455 3754 humilitate
465 3740 473 3765 ,
483 3706 527 3765 qni
538 3715 590 3753 non
602 3702 778 3766 dedignaturd
792 3703 893 3755 subdito
905 3708 1009 3768 corrigi,
1022 3719 1088 3756 eam·

25 3773 82 3826 dem
94 3777 123 3826 lu
135 3775 215 3825 slmlli
232 3788 294 3824 cusu
305 3774 385 3824 diseat
393 3774 582 3835 humilitatem,
596 3787 623 3823 n.
638 3777 675 3824 ii.

56 3874 173 3936 Quaero.
184 3898 217 3908 -
230 3872 318 3923 Omnis
333 3872 493 3923 Christianus
504 3885 535 3923 ea
545 3871 659 3922 uersibus
672 3875 717 3933 17,
740 3875 778 3931 19,
794 3877 832 3923 19.
845 3873 942 3933 disant,
962 3876 987 3921 et
1000 3874 1089 3921 certis·

24 3945 91 3995 slrnd
105 3942 194 3994 credat
205 3941 293 3992 lesum
305 3941 436 3992 Christum
449 3946 540 3994 nostru
555 3942 642 3992 salutis
658 3947 789 3992 auctorem
802 3954 865 3992 usse.
