2512 4424
151 279 188 332 80
317 273 502 331 sudditum
520 271 723 326 EPISTOLAE
742 269 791 321 AD
809 257 1048 322 CORINTHIOS

149 369 250 421 mtllum
263 365 417 426 consolator,
433 379 479 416 nos
492 365 635 417 consolatus
650 367 688 412 est
702 375 747 424 per
768 361 864 422 miles,
887 359 1046 413 consolatus
1076 356 1121 408 est
1157 361 1213 406 uos

149 439 286 491 adrentum
297 437 444 498 Titi,nobls
454 436 648 496 cbarissimt,ct
657 431 746 482 tandiu
769 439 842 488 neus
855 434 885 487 in
896 432 1018 485 adventu
1031 427 1095 484 Titi.
1136 442 1138 446 ’
1191 488 1198 497 ,

148 506 164 556 t
180 508 254 558 nobis
264 507 415 569 exspectati.¹
648 558 651 566 ,

178 573 234 624 bion
244 573 327 624 solum
337 576 424 622 eutem
436 582 482 634 per
494 569 630 620 adrentum
640 568 689 617 Titi
700 578 747 615 nos
804 565 830 614 T.
840 562 901 613 Non
914 558 1004 613 solbm
1016 561 1109 611 autem
1118 555 1150 608 in
1162 553 1214 610 ad-

149 642 215 694 lleus
230 642 372 693 consolatus
388 644 440 701 cst;
453 640 497 690 sed
512 642 589 689 ettam
600 651 644 700 per
656 648 743 686 conso·
769 645 852 694 ventu
867 639 940 706 ejus,
954 637 1002 690 sed
1016 635 1099 689 etiam
1108 634 1137 686 in
1148 647 1213 686 oon-

149 711 284 773 latlonem,
295 724 373 773 quam
386 710 456 759 Titus
468 711 522 773 ipse
532 708 547 757 1
556 709 627 758 robis
638 707 746 768 recepit,
770 719 920 783 solatione,
930 717 985 784 qua
997 713 1160 769 consolatus
1171 716 1214 766 w

150 786 263 845 atquem
273 782 301 829 ln
313 792 359 830 nos
371 778 472 828 refudit.
770 799 798 850 in
812 797 906 859 vobis,

158 878 161 884 “
179 876 296 929 holerens
309 875 382 926 nobis
403 876 517 925 restrum
532 880 579 925 tos
595 870 745 922 emendandi
804 869 1159 927 Referensnobiaveatium
1165 867 1212 922 dc·

150 946 301 997 desiderium
314 964 321 1005 ;
771 953 917 1016 siderium,

149 1095 159 1144 Ι
179 1027 295 1077 Vestrum
306 1026 337 1076 de
351 1024 561 1089 peccetlsrestris
571 1022 660 1071 dotum
672 1020 748 1070 etdo
770 1030 899 1080 vestrum
918 1026 1032 1089 fletum,

160 1106 245 1154 orem,
1192 1138 1195 1143 .

178 1162 327 1212 Torrentem
348 1166 461 1210 vestrum
483 1171 540 1220 erga
556 1171 597 1208 me
614 1168 746 1218 amorem,
770 1169 895 1220 vestram
929 1162 1138 1218 {emulationem
1160 1175 1212 1229 pro

150 1230 280 1292 zelumque
293 1229 433 1280 metuendi
445 1234 531 1278 contra
547 1229 746 1277 obtrectatoresz
771 1258 815 1296 me
844 1243 882 1295 Μ
896 1247 927 1296 ω
941 1239 1029 1309 magis
1049 1239 1211 1308 gauderem,

151 1303 186 1350 lta
206 1301 251 1359 ut,
274 1299 316 1348 his
336 1298 446 1357 auditis,
459 1297 539 1358 magis
562 1298 662 1357 gavisus
679 1297 747 1355 sim,
825 1283 832 1308 ’

150 1369 228 1430 quam
242 1369 317 1416 antea
332 1365 430 1416 fueram
443 1367 607 1415 contristatus
622 1364 653 1414 de
665 1369 748 1413 vestra

151 1432 332 1485 moestitudine.

151 1569 218 1618 latus
227 1569 265 1618 est
274 1579 318 1630 per
328 1564 466 1615 adveutum
477 1565 539 1626 Titi,
550 1566 565 1614 d
576 1567 647 1615 robis
657 1566 691 1616 ad
702 1577 743 1614 mc
753 1567 846 1615 reversi
853 1602 861 1626 ,
869 1569 895 1615 et
904 1564 968 1615 mihi
979 1562 1011 1614 de
1021 1564 1094 1615 robis
1103 1565 1171 1616 bona
1186 1567 1212 1616 et

148 1638 293 1699 ¹gratlsslma
310 1635 462 1684 nuntiantis.

182 1706 267 1755 Titum
284 1703 313 1753 b.
327 1702 419 1752 Paulus
433 1705 538 1752 miserat
556 1702 589 1752 ad
607 1703 766 1764 Corinthios,
784 1706 814 1753 ut
830 1714 875 1766 per
896 1714 955 1752 eum
973 1706 1136 1764 cognosceret
1150 1701 1210 1766 quid

151 1775 219 1838 apud
231 1787 273 1825 eos
283 1778 384 1837 operata
395 1777 459 1822 essct
468 1775 537 1836 prior
550 1774 667 1836 epistola,
683 1786 760 1835 quam
772 1773 805 1823 ad
824 1786 866 1823 eos
881 1776 1027 1836 scripserat;
1036 1772 1100 1822 hinc
1118 1787 1174 1838 cap.
1186 1778 1210 1824 2.

152 1859 179 1897 n.
193 1848 230 1894 13.
242 1845 328 1893 Tltum
343 1841 436 1892 Paulus
448 1841 544 1891 Troade
561 1843 710 1903 quesierat,
722 1844 764 1902 et,
777 1855 806 1891 eo
817 1842 852 1891 tbl
868 1855 919 1891 non
935 1849 1050 1904 reperto,
1066 1845 1170 1892 translit
1184 1845 1210 1892 lu

151 1910 334 1973 llacedoniem,
346 1910 434 1961 nolens
450 1912 487 1961 iro
502 1909 669 1972 Corinthum,
682 1914 818 1972 autequam
833 1912 910 1972 huius
925 1909 1043 1960 Ecclesia
1059 1913 1157 1962 statum
1170 1925 1211 1962 co-

153 1984 326 2110 gn'lqivtidgez'rgo
341 2048 370 2098 Il.
384 2048 462 2098 Paulo
482 2047 659 2108 charissimus,
675 2051 700 2097 et
714 2047 746 2097 ab
765 2060 795 2096 eo
815 2047 897 2097 diuet
918 2046 1024 2098 sollicito
1040 2021 1209 2112 exspectatus,

152 2117 273 2168 Corintho
289 2115 391 2166 taudem
408 2115 512 2166 advenit
525 2116 559 2165 ad
580 2114 702 2176 Paulum,
719 2117 791 2177 eique
804 2115 992 2165 corinthiorum
1008 2116 1210 2168 emendationem

156 2190 374 2372 Πῑὲξξίἓρῑοεωὶο
382 2261 473 2316 magne
483 2251 635 2314 consolatio,
646 2255 671 2302 et
681 2250 829 2314 qudeitus
839 2252 957 2314 redierit,
969 2255 994 2302 ct
1007 2252 1076 2315 qubd
1086 2253 1210 2306 Gormthtt

154 2337 167 2373 r
202 2335 241 2385 ps
273 2335 309 2370 n.

182 2409 207 2455 7.
226 2405 280 2454 Non
294 2403 377 2454 aoldm
393 2409 506 2455 caum...
524 2404 617 2466 idest,
1202 2458 1205 2465 ,

78 2486 86 2496 ’
182 2475 237 2523 Non
252 2473 333 2524 scldm
351 2477 436 2524 autem
451 2487 496 2537 per
509 2474 646 2524 adventum
665 2475 728 2535 Titi,
746 2485 822 2536 quem
837 2473 1000 2524 vehomenter
1014 2475 1150 2538 optabam,
1166 2488 1209 2526 uos

153 2544 218 2593 lleus
236 2543 377 2593 consolatus
393 2547 446 2604 cst,
465 2542 509 2592 sed
529 2544 606 2591 etiam
626 2554 670 2602 per
691 2543 906 2603 consolationem,
922 2556 998 2604 quam
1016 2545 1071 2606 lpse
1091 2545 1163 2597 Titus
1180 2547 1208 2596 do

152 2613 223 2662 robis
237 2615 347 2676 accepit,
364 2616 389 2661 et
405 2625 481 2673 quam
498 2613 523 2659 in
541 2623 587 2659 nos
600 2610 702 2660 retudit.

181 2686 295 2749 Tosarene
311 2687 509 2735 collocatarum
530 2685 694 2743 caldarium,
709 2685 764 2746 Syr.
783 2689 892 2734 vestram
912 2687 1062 2736 charitatem
1078 2699 1137 2751 erga
1156 2702 1207 2740 nos.

181 2755 237 2817 lpse
248 2758 315 2805 enlm
327 2755 399 2804 uobis
408 2756 571 2803 annuntiavit
580 2757 693 2802 vestrum
705 2753 756 2802 mei
767 2754 869 2803 uidendi
882 2754 1035 2804 desiderium
1045 2769 1106 2816 ,seu
1118 2762 1207 2819 quanto

152 2825 240 2877 ardore
259 2839 305 2875 nos
320 2825 404 2874 videre
418 2825 565 2886 cupiebatis.

182 2894 207 2945 S.
224 2894 357 2943 anselmus
370 2893 419 2950 ait,
431 2896 543 2941 vestrum
557 2891 588 2940 de
603 2890 778 2940 emendatione
794 2891 955 2943 desiderium.
969 2894 998 2943 b.
1011 2895 1141 2959 Thomas,
1153 2908 1207 2948 ves

152 2967 221 3015 trum
234 2963 386 3013 desiderium
401 2959 433 3008 de
445 2959 599 3022 proficiendo
612 2962 638 3008 tu
651 2959 749 3008 melius.

185 3039 297 3087 Vestram
310 3035 410 3097 fletum,
423 3033 454 3082 ob
467 3036 570 3095 peccata
579 3035 661 3081 restra
670 3068 677 3092 ,
687 3033 727 3081 vel
741 3033 772 3082 ob
782 3044 865 3084 meam
878 3038 904 3085 in
914 3049 959 3087 vos
967 3037 1206 3099 stomachationem,

152 3107 189 3154 alt
203 3105 232 3154 1).
244 3103 446 3165 chrysostomus.
758 3111 760 3115 ’

184 3176 296 3227 Vestram
312 3172 494 3223 emulationem
506 3186 554 3235 pro
568 3187 620 3232 me,
636 3174 662 3223 id
678 3177 729 3235 est,
744 3175 879 3226 ferventem
897 3190 1008 3239 argente
1023 3191 1139 3232 amorem
1154 3192 1208 3232 vos·

152 3249 221 3296 trum
233 3245 314 3294 zelum
327 3252 368 3289 mo
379 3245 404 3288 et
415 3239 520 3301 collegas
532 3253 601 3290 meos
612 3243 699 3292 tuendi
712 3250 799 3292 contro
813 3246 997 3295 obtrectatores.

181 3320 222 3368 Ito
234 3323 263 3367 at
271 3313 353 3376 mecla
364 3314 507 3375 acumem.
522 3313 577 3376 Syr.
590 3327 645 3376 quae
656 3317 715 3365 cdm
726 3317 854 3378 audirem,
864 3320 948 3378 gaudii
964 3320 1107 3381 plrrrtmdm
1123 3323 1207 3374 habui.

182 3387 255 3436 Juxta
279 3383 346 3432 hauc
370 3383 524 3442 versionem,
548 3395 623 3444 quam
648 3384 721 3433 multi
743 3393 899 3447 sequuntur,
920 3388 1018 3450 moola,
1038 3393 1144 3451 ponitur
1166 3404 1208 3456 pro

152 3452 276 3510 mxime,
292 3456 317 3499 et
329 3448 458 3511 explicatio
472 3450 525 3499 baec
539 3451 677 3513 simplicior
690 3452 799 3501 videtur.

183 3519 230 3581 Qui
242 3519 301 3569 vero
321 3521 426 3568 sumunt
440 3519 535 3581 magis,
554 3520 722 3582 comparative
732 3556 739 3580 ,
751 3511 784 3568 hr‘
796 3522 936 3571 secundum
955 3523 1067 3574 diversos
1083 3533 1208 3594 respectus

153 3589 362 3651 comparationis,
378 3587 542 3637 diversimode
554 3589 686 3650 explicant.

183 3656 227 3707 Vel
245 3669 289 3719 per
306 3660 446 3717 respectum
465 3656 497 3704 ad
511 3659 648 3719 superiora.
664 3660 703 3706 ltc
715 3664 744 3707 ut
756 3657 837 3720 moola
855 3661 994 3720 quodamm-
1006 3663 1037 3711 de
1053 3670 1138 3718 vestra
1154 3680 1208 3718 cor·

153 3729 278 3786 rectione,
293 3725 369 3786 (illam
381 3724 494 3774 dolebam
506 3726 536 3773 de
550 3731 634 3775 nostra
648 3727 808 3775 tribulatione
820 3746 826 3774 ε
839 3731 873 3778 tta
889 3729 917 3777 ll.
929 3730 1072 3784 Anselmus.

185 3794 244 3854 Vel,
257 3796 292 3844 ita
305 3798 334 3843 ut
345 3795 481 3843 consolatio
500 3796 550 3843 Titi
566 3799 662 3844 aurerlt
682 3810 767 3844 meum
782 3798 812 3845 de
828 3802 882 3858 ejus
899 3799 1008 3850 adventu
1025 3807 1147 3864 gaudium
1161 3820 1168 3853 a
1180 3817 1208 3856 ex

153 3865 285 3928 presentia
305 3864 352 3911 Titi
370 3862 535 3922 exhilaratus,
555 3866 634 3926 magis
647 3868 747 3926 gavisus
762 3879 835 3927 suni,
852 3869 910 3927 quia
927 3869 986 3918 talia
1008 3874 1073 3923 mihi
1096 3875 1128 3924 de
1141 3875 1207 3925 robis

153 3932 295 3992 nuntiauit,
311 3933 347 3986 att
362 3930 572 3994 Theophyhctus.
