2512 4424
302 231 473 290 rnrrtux
491 232 718 297 nxroslrto.
736 238 821 298 cir.
839 237 897 297 tit.
1075 240 1127 301 tol

99 331 128 384 d.
142 327 275 385 Siestulti
286 331 369 397 estis,
380 337 426 398 ut,
444 331 508 386 crim
560 332 613 384 Gur
631 346 689 396 ergo
707 338 744 386 sic
762 336 833 387 stulti
850 339 926 400 estis,
945 339 975 387 ut
990 335 1130 389 saintemd

67 404 164 472 spiriru
174 405 329 473 coeperffis,
339 421 415 462 nunc
423 422 507 462 wne
530 399 625 463 Spiritu
635 401 679 453 liei
690 406 788 464 erorsi,
802 405 871 456 iliius
882 408 1130 459 consummationem

66 484 321 539 consummemini?
530 474 648 592 quterfftips
663 474 848 526 lucernalibus
863 479 889 526 ei
904 476 1031 540 corporeis
1050 489 1129 531 mre-

529 554 589 591 moo
611 555 623 592 s

97 595 125 645 l·
152 594 241 644 rana
262 593 338 660 passv
355 594 423 649 eatis
446 595 506 648 sine
559 610 673 663 vanans
697 625 743 674 pro
769 612 869 664 carica
896 613 1006 675 nucu.
1025 617 1051 666 c
1072 616 1130 667 area

67 667 174 722 eausa?
529 680 619 729 merito
632 682 700 743 passi
717 682 806 730 eritisi

67 746 92 800 Si
109 751 204 800 188888
216 745 277 801 ⁸1⁰0
289 761 382 803 eausa.
558 761 637 824 Spero
647 762 715 825 qudd
729 776 781 814 non
793 765 849 814 sine
860 776 937 815 eausa
951 783 959 816 r
973 767 995 816 si
1006 769 1076 817 enim
1085 777 1127 818 re·

528 829 666 892 sipiseaiis,
684 835 710 880 et
726 831 760 880 ad
776 829 856 880 boum
876 833 992 881 conversi
1011 831 1127 895 inuritis,

528 897 985 960 provectrispassionibusmerccdem
992 897 1127 949 habebitis.

95 960 123 1011 5.
145 956 199 1021 Qui
218 971 284 1028 ergo
305 959 402 1014 tribuit
427 959 505 1013 vobis
557 966 665 1032 duobis
682 969 766 1030 itaque
779 971 850 1028 peto,
863 979 897 1015 an
910 964 976 1016 beas
988 967 1033 1028 qui
1045 966 1127 1029 Spiri-

66 1033 206 1100 Spiritum,
214 1040 242 1088 et
252 1035 505 1104 operaturririutes
527 1039 582 1084 tum
602 1035 724 1085 Sanctum
739 1036 811 1084 vohis
834 1033 917 1094 dedit,
940 1037 966 1082 ei
985 1047 1030 1097 illl
1051 1045 1127 1085 88888

65 1111 91 1163 in
102 1112 200 1176 vobi„
527 1106 665 1166 potentiam
684 1105 751 1154 inter
768 1116 813 1153 vos
828 1101 952 1153 miraculo
968 1102 1045 1165 iecit,

64 1190 103 1240 dn
124 1201 159 1241 ex
174 1188 308 1257 operibus¹
320 1189 454 1260 iegtsran
470 1204 503 1245 ex
557 1191 596 1242 dn
607 1194 764 1256 exoperibus
775 1194 857 1256 legis?
872 1207 907 1244 an
919 1206 951 1244 ex
963 1193 1013 1245 ilde
1031 1195 1125 1248 Gururi

65 1265 159 1320 auditu
171 1265 255 1320 fidei?
526 1261 612 1310 audita
629 1273 659 1310 ex
672 1274 713 1312 me
726 1263 752 1312 id
767 1262 866 1312 lacinii

556 1330 711 1380 Subauditur
739 1330 782 1381 iric
808 1330 953 1380 Galatarum
981 1331 1124 1394 responsio,

525 1399 592 1459 quod
603 1396 733 1460 pertidum
744 1434 751 1458 ,
761 1403 811 1448 etc.
823 1403 849 1448 et
857 1399 925 1449 bane
936 1401 1125 1462 responsionem

526 1468 552 1515 in
572 1470 656 1516 mente
671 1466 785 1525 babens,
802 1470 970 1529 prosequitur.

94 1531 122 1582 6.
154 1528 233 1585 Sicut
263 1528 397 1596 scriplum
424 1536 467 1585 est
494 1547 501 1582 :
555 1533 627 1583 Sicut
640 1532 768 1582 Abrabam
789 1535 1003 1595 incircumcisus,
1022 1538 1048 1585 et
1064 1538 1124 1586 ante

63 1606 200 1660 App-,ham
210 1606 329 1662 credidit
338 1610 396 1662 peo
403 1646 413 1674 ‚
422 1615 451 1661 er
462 1621 503 1661 re.
525 1598 619 1664 lagena,
631 1604 730 1665 accepit
744 1602 866 1665 Spiritum
876 1603 1014 1665 Sanctum,
1031 1608 1057 1654 et
1066 1606 1124 1665 lus·

90 1787 155 1850 Quot
176 1786 326 1848 christiani,
342 1791 404 1850 quot
416 1787 541 1850 religiosi,
554 1786 621 1837 banc
640 1786 786 1837 Galatarum
803 1791 957 1837 dementium
975 1788 1121 1837 imitantur!

61 1857 180 1922 dspiritu
194 1859 335 1919 incipiunt,
348 1868 424 1907 earne
441 1857 537 1907 liniunt
545 1857 583 1918 ;d
599 1855 773 1919 spiritualibus
787 1858 884 1918 exorsi,
901 1855 933 1906 ad
954 1855 1065 1906 carnalia
1079 1867 1122 1906 re·

62 1929 202 1980 irooedunt.

88 2011 113 2061 i.
133 2012 213 2062 Toeto
229 2009 299 2074 pursa'
316 2010 402 2062 etia...

86 2076 254 2130 Procedentis
274 2078 440 2142 expressionis
458 2077 579 2130 duriticru
600 2079 715 2140 emoliit,
734 2077 838 2129 iliorum
859 2078 966 2139 lecturo
981 2080 1007 2128 et
1027 2076 1121 2129 danum

59 2151 222 2213 compatiens.
238 2150 376 2199 i'oomue...
389 2146 480 2198 deinde
491 2149 584 2200 bonum
596 2151 632 2199 eis
642 2160 713 2212 spem
726 2151 843 2211 ingerens
856 2165 864 2198 a
878 2149 908 2198 Si
920 2153 1032 2198 taruco...
1047 2159 1121 2211 spero

59 2220 142 2284 quod,
154 2224 204 2271 etc.
217 2218 279 2269 Vide
292 2218 476 2282 paraphrasim.

87 2298 248 2359 Ossunvi'irrc
270 2303 529 2357 soranis-Galatas
545 2305 667 2370 Spiritum
678 2306 800 2357 Sanctum
812 2303 945 2355 visibiliter
954 2309 1119 2368 acceperant,

58 2370 183 2429 miracula
203 2375 331 2435 fecerant,
352 2376 435 2424 varias
450 2385 495 2436 pro
506 2374 605 2424 Christo
616 2377 744 2438 passiones
757 2377 783 2423 ct
799 2375 986 2436 persecutiones
996 2373 1121 2426 tolerave-

57 2451 128 2506 rant;
139 2451 164 2496 et
174 2451 230 2508 post
241 2449 278 2495 tot
289 2444 357 2494 recte
369 2444 434 2494 iacta
445 2447 470 2493 ei
482 2456 598 2506 perpessa
609 2444 753 2494 exciderant
764 2445 878 2505 agralia.

86 2516 148 2578 Quis
159 2527 217 2578 ergo
229 2527 281 2565 non
292 2516 396 2565 timeat?
408 2526 459 2564 uuo
470 2520 572 2578 peccato
582 2519 665 2578 potest
676 2516 753 2564 totius
761 2515 819 2563 vitae
832 2515 951 2563 sanctitas
964 2518 989 2564 et
999 2516 1120 2568 meritum

56 2585 158 2649 deperdi
171 2605 178 2635 a
190 2587 340 2645 timeamus,
354 2583 535 2644 humiliemur,
546 2597 647 2634 oremus
660 2603 668 2635 e
682 2587 713 2635 lit
725 2598 755 2634 ue
765 2596 810 2632 uos
827 2585 963 2633 inducor...

86 2656 118 2705 tt
136 2657 157 2704 si
175 2667 219 2717 per
237 2654 397 2715 tragilitatom
415 2654 551 2715 occideris,
568 2666 600 2703 nc
620 2655 748 2717 desperem
760 2655 781 2702 si
799 2654 869 2702 enim
886 2652 1009 2713 volueris,
1025 2654 1119 2714 poteris

55 2736 99 2786 per
111 2723 204 2774 Christi
219 2726 326 2786 gradum
339 2723 372 2772 ad
390 2722 470 2773 ileum
489 2725 653 2784 couvert15et
664 2736 708 2787 per
721 2723 894 2786 paenitentiam
912 2727 956 2787 top
969 2725 1118 2773 reviviscent

56 2804 132 2856 opera
151 2793 228 2843 bona.

84 2861 233 2912 Galatarum
244 2873 314 2911 error
324 2860 339 2910 d
350 2862 448 2912 curioso
460 2858 580 2910 falsorum
592 2858 724 2911 doctorum
735 2859 825 2910 auditu
835 2870 937 2909 exorsus
950 2862 997 2911 est.

84 2930 127 2980 Sic
139 2930 204 2994 supe
219 2932 342 2980 curiosior
354 2931 430 2980 unius
440 2929 501 2978 maii
514 2929 571 2980 iibri
582 2929 673 2993 lectio,
685 2943 737 2981 una
748 2942 808 2980 cum
821 2929 989 2979 nebulonibus
999 2929 1117 2981 audacior

56 3003 80 3053 et
90 2998 195 3051 liberior
211 3001 367 3051 conversatio
377 3035 384 3060 ,
396 2998 473 3049 tidem
485 3001 513 3050 in
527 3005 613 3050 mente
629 3000 751 3062 destruit,
765 3011 877 3050 errorem
891 3000 917 3048 in
928 2996 999 3048 iilam
1010 2998 1117 3061 inducit,

56 3080 97 3119 cor
111 3068 145 3118 ad
158 3066 322 3119 rebellionem
333 3067 449 3131 impellit.

84 3139 201 3200 llinequc
222 3137 333 3187 earnalia
345 3136 469 3187 desideria
487 3140 512 3188 ci
531 3150 606 3202 opera
615 3158 623 3200 ς
635 3139 703 3190 uude
719 3141 745 3188 et
764 3148 833 3188 mors
850 3138 958 3198 animae,
970 3135 1117 3189 alienatiod

54 3206 118 3270 lieo,
135 3208 253 3257 omnium
269 3206 377 3267 denique
392 3205 517 3255 bonorum
533 3206 681 3270 deperditio.
709 3257 711 3261 ,

83 3291 108 3339 5.
123 3289 176 3349 oui
186 3302 245 3351 erpo
264 3287 363 3338 nituit.
375 3286 418 3337 Gr.
432 3287 636 3338 subministrans.
654 3289 732 3350 syrus
742 3286 842 3337 indidit.
858 3287 1117 3351 uespertinum

54 3365 184 3422 operatu.
202 3357 245 3408 Gr.
265 3354 389 3417 efficiens,
405 3355 432 3405 id
452 3360 505 3417 est,
525 3357 569 3419 qui
582 3369 628 3420 per
647 3370 720 3406 suam
735 3358 788 3407 rirn
805 3359 922 3418 operatur
935 3357 1075 3419 miracula,
1088 3359 1118 3408 lo

53 3429 141 3486 colb,
158 3427 184 3476 id
196 3430 233 3475 est
242 3463 249 3487 ,
259 3427 325 3475 inter
337 3437 381 3474 vos
393 3443 400 3474 a
413 3424 476 3474 forie
487 3428 559 3474 erant
569 3423 674 3486 quidam
685 3437 769 3475 errore
782 3436 835 3473 non
849 3426 960 3489 corrupti
975 3427 1019 3490 qul
1031 3426 1116 3479 adbuc

53 3495 175 3546 miracula
187 3493 321 3558 patrabant
334 3512 341 3543 r
353 3494 393 3544 vel
406 3498 541 3556 operetur,
555 3506 600 3556 pro
614 3493 777 3556 operabatur.

81 3563 183 3628 Repetit
207 3565 318 3626 primam
336 3563 478 3624 rationem,
498 3566 527 3612 ut
548 3566 634 3613 nectat
652 3575 713 3612 cum
730 3561 839 3612 secunda
857 3563 885 3612 in
904 3575 979 3614 versu
996 3569 1115 3629 sequente

54 3638 183 3685 contenta.

83 3701 149 3765 Quia
164 3699 329 3752 manifestum
351 3704 405 3751 erat
424 3699 492 3764 quod
511 3699 603 3749 Galatae
621 3701 765 3763 responsuri
779 3704 867 3763 erant,
881 3715 927 3764 per
943 3704 1018 3767 fidem
1026 3719 1037 3764 ,·
1047 3702 1114 3752 hane

56 3773 245 3835 responsionem
262 3781 405 3833 supponens
418 3768 550 3832 spostolus
561 3773 586 3820 et
603 3770 631 3819 in
643 3773 729 3820 mente
739 3769 834 3822 babens
844 3808 852 3835 ,
863 3775 935 3836 quasi
948 3772 1018 3823 iiiam
1031 3771 1114 3823 verbis

56 3842 219 3904 expresserit,
231 3840 390 3903 prosequitur
403 3857 411 3889 r

84 3925 109 3979 a.
123 3918 538 3990 srersmctcmecaorcrau
549 3919 741 3983 mucoso...
847 3892 852 3901 ’
