2512 4424
429 267 778 376 EPISTOLAE

78 487 313 679 omn
339 450 719 686 monio
747 535 1128 687 omnmo

258 850 529 934 TRIPLEX
563 851 931 942 EXPOSITIO.

193 1086 350 1154 moissi,
369 1088 599 1155 rlnlrlrllnsr,
617 1088 731 1154 Arnon
748 1089 999 1145 communio

78 1351 1127 1387 “nummum

412 1601 777 1702 PRAEFATIO.

78 1801 331 1917 }lll'l'1l,Aslae
349 1837 474 1902 Minoris
491 1837 601 1918 regio,
618 1836 755 1900 habebnt
771 1836 947 1901 oboriente
963 1836 1123 1918 Cappado-

78 1939 160 2020 iam,
176 1941 215 2004 ab
225 1940 388 2007 occidente
397 1941 590 2023 Bithyniam,
604 1938 763 2005 lmeridie
775 1940 1007 2027 Pamphyliam,
1019 1937 1122 2022 toen-

78 2045 216 2109 enlrione
227 2048 363 2108 Pontum
376 2045 542 2135 Eurinum.

101 2151 318 2215 Gallo-creole
338 2149 492 2233 onimium,
507 2150 621 2216 deinde
636 2149 751 2214 Galatia
765 2149 848 2215 diota
862 2154 913 2218 est
930 2153 972 2216 ob
984 2151 1119 2232 inoolas,

78 2253 115 2330 [oi
126 2252 337 2329 Gallollraeoi,
349 2270 407 2317 seu
419 2255 534 2318 Golntoe
549 2254 653 2319 vocali
666 2256 759 2334 sunl,
770 2254 843 2336 quin
856 2252 875 2320 ὁ
888 2256 984 2320 Gellia
994 2255 1028 2319 in
1040 2255 1121 2320 hane

78 2357 553 2439 :rooiaepartemdemigrlrunt
1158 2360 1165 2371 “

102 2463 205 2527 Suidas
222 2465 312 2544 putot
325 2462 423 2528 lirisso
436 2465 633 2529 senonenses
642 2464 712 2528 illos
726 2465 797 2545 qni,
817 2469 940 2529 Brenno
950 2465 1045 2544 duee,
1059 2467 1121 2530 ilo-

78 2580 142 2630 nom
151 2566 288 2649 primrlm
299 2568 501 2648 invaserunt,
514 2568 634 2632 ltaliam
642 2571 859 2648 vastaverunt,
874 2569 987 2633 deinde
996 2570 1120 2635 inssrae·

78 2666 137 2734 :iam
148 2674 354 2755 traiecerunl3
365 2673 493 2736 tandem
506 2677 579 2754 post
591 2674 694 2739 varios
704 2691 813 2753 onsus,
826 2675 907 2737 hane
919 2673 1119 2755 Graeoioepor-

78 2786 125 2836 em
135 2777 333 2841 incoluerunt
349 2799 357 2840 :
371 2777 456 2841 unde
465 2777 663 2842 Gallo-Greci
676 2796 735 2843 seu
748 2778 862 2841 Galetae
875 2777 951 2841 dieti
963 2784 1049 2842 sunt.
1122 2836 1124 2840 ,

103 2879 153 2944 llil
169 2884 277 2944 tamen
290 2881 380 2945 aliter
398 2881 557 2962 sentiunt3
576 2883 634 2946 sed
646 2882 798 2962 quidquid
817 2881 858 2945 sit
878 2881 919 2945 de
931 2897 1042 2945 eorum
1055 2884 1119 2946 ori·
1229 2877 1232 2892 “

78 2976 147 3066 line,
161 2982 227 3050 imo
241 2988 274 3050 et
288 2985 434 3066 nomine,
446 2985 573 3066 quidam
586 2987 671 3050 enim
682 2988 792 3053 volunt
805 2987 928 3051 Galatas
942 2966 1034 3051 dioi'l
1044 3004 1119 3053 con-

78 3074 572 3172 lore,qu·asilaote0s;,m,lae.
930 3174 933 3180 Α
1187 3149 1189 3154 ,

98 3191 221 3259 Certum
234 3187 447 3276 estquodhos
460 3197 642 3275 populosi).
656 3197 769 3261 Paulus
779 3195 820 3260 od
830 3195 1007 3277 Christum,
1022 3200 1119 3263 Evan-

78 3289 604 3380 50liipraedioatione‚converterat.
1128 3374 1130 3391 Ι

92 3399 221 3468 Cortum
243 3411 293 3467 est
306 3405 338 3467 et
353 3399 439 3483 quod
451 3403 566 3466 Galatae
583 3420 691 3467 veram
703 3403 817 3469 Christi
834 3405 931 3471 fidem
943 3411 1032 3472 lanto
1045 3426 1119 3473 oum

78 3496 122 3584 llo
132 3510 353 3589 susceperant,
365 3510 400 3571 nl
410 3511 443 3572 et
449 3507 598 3572 mnooulo
604 3508 773 3590 patrarint,
784 3511 817 3572 el
824 3511 922 3575 multo
929 3529 986 3592 pro
994 3513 1118 3578 Christo

78 3599 228 3677 llerlrint.

88 3710 154 3782 Sed
166 3712 263 3797 paulo
275 3718 349 3798 post
359 3716 501 3799 Apostoli
512 3732 674 3781 recessum
687 3717 726 3780 ab
739 3719 801 3799 eis,
815 3719 1114 3798 ludneoehristiani,

78 3821 329 3902 loudoapostoli,
348 3822 463 3901 partim
481 3821 623 3902 occupati
640 3823 841 3903 persuasione
858 3823 1025 3902 Iudaismi,
1043 3841 1116 3903 par-

78 3925 114 3987 m
124 3924 228 3988 inanis
237 3922 345 4003 glorio
358 3923 412 3989 siti
425 3924 607 4005 temulenti,
622 3924 665 3990 nil
678 3930 713 3990 l).
728 3926 988 4067 Chrysostomuqs:
1003 3923 1043 3986 ad
1055 3926 1116 3986 Gn-

161 4027 196 4074 11.
