2512 4424
277 266 574 374 SECUNDAE
592 268 907 369 EPISTOLAE

10 448 14 585 i
66 554 129 696 r.
160 549 412 698 raum
448 552 559 698 lu
595 547 1099 700 couruuuos

248 867 520 996 uerruux
554 863 919 954 carosium,

188 1116 351 1184 remisi,
370 1118 597 1183 rnnaruensl,
618 1117 729 1180 leone
747 1116 997 1170 consensuum.

61 1395 494 1427 000000000000000000000000000000
496 1395 916 1426 mmmmmmmmm
917 1393 1109 1423 0000000000000

405 1653 767 1752 PRAEFATIO.

63 1874 257 1982 Pomosoou
277 1906 509 1972 Corinthiomm
527 1906 626 1988 prima
640 1907 702 1970 divi
716 1906 803 1968 Pauli
816 1905 952 1986 Epistola
967 1905 1112 1970 meliores

60 2013 217 2096 effecerat,
240 2011 318 2076 hinc
338 2013 477 2076 secunde
503 2012 589 2088 baec,
615 2011 719 2093 priore
740 2010 857 2091 lenior,
876 2011 1058 2092 benignior,
1080 2015 1114 2075 et

61 2118 115 2184 lere
134 2120 259 2199 ubique
275 2117 494 2181 consolatoria.

91 2236 126 2296 ut
142 2230 222 2321 sane
239 2249 299 2313 par
311 2234 396 2311 eret,
417 2229 460 2292 ait
474 2229 565 2294 divus
581 2231 842 2313 Chrysostomus,
862 2232 898 2293 ut
914 2230 1114 2310 quemadmo

10 2410 12 2423 Ι
61 2332 127 2396 dum
147 2328 426 2410 Corinthiis,ci1m
445 2335 631 2411 peccarent,
650 2332 872 2411 succensebat,
887 2331 932 2394 sic
950 2334 1044 2396 etiem
1057 2351 1112 2397 eos

63 2441 93 2503 ad
114 2441 282 2504 meliorem
304 2441 443 2507 mentem
462 2453 625 2516 reversos,
650 2438 886 2518 comprobaret,
910 2454 946 2502 ac
967 2439 1113 2503 laudibus

63 2545 199 2610 alliceret.
223 2544 228 2553 '
1172 2532 1180 2548 ’

94 2659 165 2733 uda
181 2651 262 2723 verd
278 2654 553 2736 pseudoapostoli,
566 2655 678 2736 prioris
692 2654 837 2736 Epistolae
854 2655 982 2719 monitis
996 2673 1032 2718 ac
1043 2673 1113 2718 cor-

68 2761 246 2826 rectionibus
260 2758 386 2837 irritati,
401 2760 588 2840 pejoresque
607 2758 695 2834 lacti,
710 2754 860 2824 adversus
873 2759 1013 2823 veritatis
1028 2762 1113 2838 Apo

64 2866 171 2929 stolum
189 2866 375 2942 absentem,
391 2861 539 2928 audacius
558 2863 772 2942 oblatrabant,
792 2879 930 2941 eumque
943 2864 980 2925 ut
995 2880 1113 2927 vanum

64 2970 90 3031 et
110 2972 326 3051 arrogantem,
351 2967 533 3048 nulliusque
549 2968 640 3050 pretii
655 2968 834 3044 bominem,
851 2966 883 3030 in
902 2967 1011 3031 odium
1024 2969 1056 3030 et
1069 2966 1114 3030 iu·

65 3072 165 3138 udam
180 3074 358 3151 vocabant,
373 3072 417 3134 eit
433 3071 517 3136 idem
530 3072 621 3140 divus
635 3073 897 3154 chrysostomus,

93 3187 213 3265 llinciu
230 3187 293 3249 hac
305 3183 443 3266 Epistola
453 3186 568 3250 Paulus
579 3205 629 3265 se,
649 3203 803 3265 suamque
814 3184 987 3247 doctrinam
1003 3191 1113 3251 contra

72 3291 145 3358 lbos
166 3290 387 3357 criminatores
401 3289 572 3372 impensius
586 3291 726 3355 defendit
738 3315 746 3355 :
758 3308 835 3355 suos
849 3290 992 3369 labores,
1007 3309 1112 3372 perse-

65 3400 214 3477 ¹titiones,
240 3395 468 3476 revelationes,
494 3413 532 3459 ao
555 3396 674 3461 divinas
694 3396 915 3478 praerogativas
933 3397 1112 3477 expressids

70 3504 233 3581 numerat,
249 3515 316 3563 non
336 3499 466 3564 honoris
481 3499 641 3581 cupiditati
657 3500 816 3580 servieus,
837 3500 895 3563 sed
911 3503 1036 3583 eosqui
1053 3507 1113 3568 Go-

72 3601 182 3670 r'utlrios
198 3602 420 3701 decipiebant,
434 3604 587 3668 mendacii
600 3621 793 3685 coarguens,
806 3604 850 3668 eit
864 3606 1090 3671 Theodoretus.

97 3717 191 3796 liuius
203 3716 313 3796 itaque
326 3714 470 3795 Epistolae
482 3733 622 3796 summa,
634 3721 671 3781 ut
687 3718 764 3782 milri
774 3718 917 3798 videtur,
933 3720 1115 3782 consolato.

76 3815 163 3988 {sest
179 3822 214 3884 et
238 3818 453 3911 apologetica3
471 3820 702 3886 Corinthiorum
718 3821 940 3904 consolatoria,
961 3822 1047 3887 Pauli
1061 3821 1113 3885 de

126 3940 190 3990 ona

182 3987 220 4073 sn.
401 4029 404 4034 ·
876 4019 973 4086 ¹a
