<?xml version="1.0" encoding="UTF-8"?>
<!DOCTYPE html PUBLIC "-//W3C//DTD XHTML 1.0 Transitional//EN"
    "http://www.w3.org/TR/xhtml1/DTD/xhtml1-transitional.dtd">
<html xmlns="http://www.w3.org/1999/xhtml" xml:lang="en" lang="en">
 <head>
  <title>
</title>
<meta http-equiv="Content-Type" content="text/html;charset=utf-8" />
  <meta name='ocr-system' content='tesseract 3.04.00' />
  <meta name='ocr-capabilities' content='ocr_page ocr_carea ocr_par ocr_line ocrx_word'/>
</head>
<body>
  <div class='ocr_page' id='page_1' title='image "./epistolarumbpau01berngoog_0193.png"; bbox 0 0 2512 4424; ppageno 0'>
   <div class='ocr_carea' id='block_1_1' title="bbox 101 240 871 296">
    <p class='ocr_par' dir='ltr' id='par_1_1' title="bbox 101 240 871 296">
     <span class='ocr_line' id='line_1_1' title="bbox 101 240 871 296; baseline 0.004 -3"><span class='ocrx_word' id='word_1_1' title='bbox 101 242 156 294; x_wconf 82' lang='lat' dir='ltr'><strong>ist</strong></span> <span class='ocrx_word' id='word_1_2' title='bbox 393 240 601 296; x_wconf 77' lang='lat' dir='ltr'>EPISTOLAE</span> <span class='ocrx_word' id='word_1_3' title='bbox 619 241 669 293; x_wconf 82' lang='lat' dir='ltr'><strong>lii</strong></span> <span class='ocrx_word' id='word_1_4' title='bbox 687 240 871 296; x_wconf 77' lang='lat' dir='ltr'><strong>cataras</strong></span> 
     </span>
    </p>
   </div>
   <div class='ocr_carea' id='block_1_2' title="bbox 101 294 1166 764">
    <p class='ocr_par' dir='ltr' id='par_1_2' title="bbox 102 294 1165 480">
     <span class='ocr_line' id='line_1_2' title="bbox 102 294 1165 405; baseline 0.006 -21"><span class='ocrx_word' id='word_1_5' title='bbox 102 332 226 385; x_wconf 83' lang='lat' dir='ltr'><strong>libertatis</strong></span> <span class='ocrx_word' id='word_1_6' title='bbox 235 333 392 395; x_wconf 61' lang='lat' dir='ltr'><strong>tuendam</strong></span> <span class='ocrx_word' id='word_1_7' title='bbox 404 336 496 385; x_wconf 79' lang='lat' dir='ltr'><strong>verius</strong></span> <span class='ocrx_word' id='word_1_8' title='bbox 509 333 637 396; x_wconf 74' lang='lat' dir='ltr'><strong>Evangelii</strong></span> <span class='ocrx_word' id='word_1_9' title='bbox 653 347 700 398; x_wconf 87' lang='lat' dir='ltr'><strong>per</strong></span> <span class='ocrx_word' id='word_1_10' title='bbox 722 336 789 390; x_wconf 84' lang='lat' dir='ltr'><strong>riias</strong></span> <span class='ocrx_word' id='word_1_11' title='bbox 824 332 970 405; x_wconf 72' lang='lat' dir='ltr'><strong>Evangelii</strong></span> <span class='ocrx_word' id='word_1_12' title='bbox 1002 294 1165 403; x_wconf 71' lang='lat' dir='ltr'><strong>nunanut</strong></span> 
     </span>
     <span class='ocr_line' id='line_1_3' title="bbox 102 400 868 480; baseline 0.008 -29"><span class='ocrx_word' id='word_1_13' title='bbox 102 415 144 451; x_wconf 89' lang='lat' dir='ltr'><strong>me</strong></span> <span class='ocrx_word' id='word_1_14' title='bbox 168 403 237 465; x_wconf 91' lang='lat' dir='ltr'><strong>apud</strong></span> <span class='ocrx_word' id='word_1_15' title='bbox 253 400 343 465; x_wconf 86' lang='lat' dir='ltr'><strong>vos,d</strong></span> <span class='ocrx_word' id='word_1_16' title='bbox 361 401 469 453; x_wconf 74' lang='lat' dir='ltr'><strong>Galata!</strong></span> <span class='ocrx_word' id='word_1_17' title='bbox 488 401 618 465; x_wconf 74' lang='lat' dir='ltr'><strong>pradicati</strong></span> <span class='ocrx_word' id='word_1_18' title='bbox 641 414 699 466; x_wconf 84' lang='lat' dir='ltr'><strong>per·</strong></span> <span class='ocrx_word' id='word_1_19' title='bbox 722 412 797 480; x_wconf 69' lang='lat' dir='ltr'><strong>apud</strong></span> <span class='ocrx_word' id='word_1_20' title='bbox 808 426 868 467; x_wconf 70' lang='lat' dir='ltr'><strong>vos,</strong></span> 
     </span>
    </p>

    <p class='ocr_par' dir='ltr' id='par_1_3' title="bbox 101 474 1166 764">
     <span class='ocr_line' id='line_1_4' title="bbox 101 474 1166 610; baseline 0.002 -21"><span class='ocrx_word' id='word_1_21' title='bbox 101 474 240 589; x_wconf 39' lang='lat' dir='ltr'><strong>mma-affin</strong></span> <span class='ocrx_word' id='word_1_22' title='bbox 259 543 363 601; x_wconf 88' lang='lat' dir='ltr'><strong>antam,</strong></span> <span class='ocrx_word' id='word_1_23' title='bbox 377 539 421 601; x_wconf 82' lang='lat' dir='ltr'><strong>qul</strong></span> <span class='ocrx_word' id='word_1_24' title='bbox 441 542 515 588; x_wconf 91' lang='lat' dir='ltr'><strong>erant</strong></span> <span class='ocrx_word' id='word_1_25' title='bbox 527 537 597 602; x_wconf 88' lang='lat' dir='ltr'><strong>apud</strong></span> <span class='ocrx_word' id='word_1_26' title='bbox 611 551 699 590; x_wconf 83' lang='lat' dir='ltr'><strong>omnes</strong></span> <span class='ocrx_word' id='word_1_27' title='bbox 757 546 784 597; x_wconf 84' lang='grc'><strong>6,</strong></span> <span class='ocrx_word' id='word_1_28' title='bbox 801 543 844 596; x_wconf 71' lang='lat' dir='ltr'><strong>Ab</strong></span> <span class='ocrx_word' id='word_1_29' title='bbox 861 542 897 595; x_wconf 84' lang='lat' dir='ltr'><strong>iis</strong></span> <span class='ocrx_word' id='word_1_30' title='bbox 915 547 1010 595; x_wconf 83' lang='lat' dir='ltr'><strong>autem</strong></span> <span class='ocrx_word' id='word_1_31' title='bbox 1028 542 1081 610; x_wconf 83' lang='lat' dir='ltr'><strong>qui</strong></span> <span class='ocrx_word' id='word_1_32' title='bbox 1092 541 1166 596; x_wconf 79' lang='lat' dir='ltr'><strong>vide-</strong></span> 
     </span>
     <span class='ocr_line' id='line_1_5' title="bbox 102 606 1166 686; baseline 0.006 -27"><span class='ocrx_word' id='word_1_33' title='bbox 102 610 130 659; x_wconf 90' lang='lat' dir='ltr'><strong>iu</strong></span> <span class='ocrx_word' id='word_1_34' title='bbox 146 609 365 670; x_wconf 67' lang='lat' dir='ltr'><strong>marimanam,</strong></span> <span class='ocrx_word' id='word_1_35' title='bbox 385 608 457 657; x_wconf 81' lang='lat' dir='ltr'><strong>Petro</strong></span> <span class='ocrx_word' id='word_1_36' title='bbox 478 606 590 668; x_wconf 88' lang='lat' dir='ltr'><strong>scillcet,</strong></span> <span class='ocrx_word' id='word_1_37' title='bbox 606 607 699 658; x_wconf 85' lang='lat' dir='ltr'><strong>lacobo</strong></span> <span class='ocrx_word' id='word_1_38' title='bbox 720 621 824 674; x_wconf 59' lang='lat' dir='ltr'><strong>bamur</strong></span> <span class='ocrx_word' id='word_1_39' title='bbox 844 633 907 672; x_wconf 61' lang='lat' dir='ltr'><strong>esse</strong></span> <span class='ocrx_word' id='word_1_40' title='bbox 926 618 1034 686; x_wconf 68' lang='lat' dir='ltr'><strong>aliquid</strong></span> <span class='ocrx_word' id='word_1_41' title='bbox 1050 617 1166 685; x_wconf 64' lang='lat' dir='ltr'><strong>(qualos</strong></span> 
     </span>
     <span class='ocr_line' id='line_1_6' title="bbox 101 675 1164 764; baseline 0.003 -38"><span class='ocrx_word' id='word_1_42' title='bbox 101 684 128 726; x_wconf 88' lang='lat' dir='ltr'><strong>et</strong></span> <span class='ocrx_word' id='word_1_43' title='bbox 137 675 250 736; x_wconf 84' lang='lat' dir='ltr'><strong>launna,</strong></span> <span class='ocrx_word' id='word_1_44' title='bbox 261 675 327 725; x_wconf 92' lang='lat' dir='ltr'><strong>nibil</strong></span> <span class='ocrx_word' id='word_1_45' title='bbox 336 675 413 726; x_wconf 88' lang='lat' dir='ltr'><strong>didici</strong></span> <span class='ocrx_word' id='word_1_46' title='bbox 427 695 434 725; x_wconf 74' lang='lat' dir='ltr'><strong>a</strong></span> <span class='ocrx_word' id='word_1_47' title='bbox 449 676 536 736; x_wconf 81' lang='lat' dir='ltr'><strong>quales</strong></span> <span class='ocrx_word' id='word_1_48' title='bbox 551 675 590 725; x_wconf 93' lang='lat' dir='ltr'><strong>illi</strong></span> <span class='ocrx_word' id='word_1_49' title='bbox 604 677 699 726; x_wconf 86' lang='lat' dir='ltr'><strong>luerint</strong></span> <span class='ocrx_word' id='word_1_50' title='bbox 721 697 871 764; x_wconf 54' lang='lat' dir='ltr'>anquando</span> <span class='ocrx_word' id='word_1_51' title='bbox 885 695 1007 752; x_wconf 43' lang='lat' dir='ltr'><strong>sum-jug·</strong></span> <span class='ocrx_word' id='word_1_52' title='bbox 1023 695 1095 749; x_wconf 70' lang='lat' dir='ltr'><strong>„flffl</strong></span> <span class='ocrx_word' id='word_1_53' title='bbox 1106 695 1164 749; x_wconf 49' lang='lat' dir='ltr'><strong>md</strong></span> 
     </span>
    </p>
   </div>
   <div class='ocr_carea' id='block_1_3' title="bbox 101 743 1165 837">
    <p class='ocr_par' dir='ltr' id='par_1_4' title="bbox 101 743 1165 837">
     <span class='ocr_line' id='line_1_7' title="bbox 101 743 1165 837; baseline 0.014 -43"><span class='ocrx_word' id='word_1_54' title='bbox 101 743 252 806; x_wconf 84' lang='lat' dir='ltr'><strong>aliquando,</strong></span> <span class='ocrx_word' id='word_1_55' title='bbox 275 745 398 792; x_wconf 88' lang='lat' dir='ltr'><strong>nimirum</strong></span> <span class='ocrx_word' id='word_1_56' title='bbox 429 743 568 803; x_wconf 84' lang='lat' dir='ltr'><strong>illitterati,</strong></span> <span class='ocrx_word' id='word_1_57' title='bbox 588 747 699 805; x_wconf 87' lang='lat' dir='ltr'><strong>piscaio-</strong></span> <span class='ocrx_word' id='word_1_58' title='bbox 722 774 853 836; x_wconf 48' lang='lat' dir='ltr'><strong>interest,</strong></span> <span class='ocrx_word' id='word_1_59' title='bbox 865 773 1104 837; x_wconf 56' lang='lat' dir='ltr'><strong>mmmmm</strong></span> <span class='ocrx_word' id='word_1_60' title='bbox 1116 771 1165 826; x_wconf 67' lang='lat' dir='ltr'><strong>ho.</strong></span> 
     </span>
    </p>
   </div>
   <div class='ocr_carea' id='block_1_4' title="bbox 100 808 1163 941">
    <p class='ocr_par' dir='ltr' id='par_1_5' title="bbox 100 808 1163 941">
     <span class='ocr_line' id='line_1_8' title="bbox 100 808 1137 871; baseline -0.011 -10"><span class='ocrx_word' id='word_1_61' title='bbox 100 816 281 871; x_wconf 83' lang='lat' dir='ltr'><strong>res,ete.non</strong></span> <span class='ocrx_word' id='word_1_62' title='bbox 296 821 354 858; x_wconf 88' lang='lat' dir='ltr'><strong>snm</strong></span> <span class='ocrx_word' id='word_1_63' title='bbox 369 808 580 871; x_wconf 76' lang='lat' dir='ltr'><strong>sollicitus3qula</strong></span> <span class='ocrx_word' id='word_1_64' title='bbox 594 809 699 861; x_wconf 84' lang='lat' dir='ltr'><strong>bcosln</strong></span> <span class='ocrx_word' id='word_1_65' title='bbox 751 849 788 861; x_wconf 84' lang='lat'><strong>..</strong></span> <span class='ocrx_word' id='word_1_66' title='bbox 931 847 967 860; x_wconf 86' lang='grc'><strong>.,</strong></span> <span class='ocrx_word' id='word_1_67' title='bbox 1044 848 1081 860; x_wconf 81' lang='grc'><strong>,,</strong></span> <span class='ocrx_word' id='word_1_68' title='bbox 1130 849 1137 861; x_wconf 81' lang='grc'><em>,</em></span> 
     </span>
     <span class='ocr_line' id='line_1_9' title="bbox 101 846 1163 941; baseline -0.011 -11"><span class='ocrx_word' id='word_1_69' title='bbox 101 878 189 930; x_wconf 84' lang='lat' dir='ltr'><strong>salutis</strong></span> <span class='ocrx_word' id='word_1_70' title='bbox 201 882 293 929; x_wconf 83' lang='lat' dir='ltr'><strong>nostras</strong></span> <span class='ocrx_word' id='word_1_71' title='bbox 307 880 408 940; x_wconf 74' lang='lat' dir='ltr'><strong>negotio</strong></span> <span class='ocrx_word' id='word_1_72' title='bbox 422 878 484 928; x_wconf 87' lang='lat' dir='ltr'><strong>talia</strong></span> <span class='ocrx_word' id='word_1_73' title='bbox 500 891 553 929; x_wconf 91' lang='lat' dir='ltr'><strong>non</strong></span> <span class='ocrx_word' id='word_1_74' title='bbox 573 879 698 941; x_wconf 88' lang='lat' dir='ltr'><strong>attendit,</strong></span> <span class='ocrx_word' id='word_1_75' title='bbox 722 861 870 901; x_wconf 76' lang='lat'><strong>¹¹¹¹¹¹¹⁸¹¹⁰¹¹</strong></span> <span class='ocrx_word' id='word_1_76' title='bbox 880 846 1002 916; x_wconf 73' lang='lat' dir='ltr'><strong>³⁰⁰¹P¹¹)a</strong></span> <span class='ocrx_word' id='word_1_77' title='bbox 1011 848 1083 900; x_wconf 64' lang='grc' dir='ltr'><strong>’ΜΠ</strong></span> <span class='ocrx_word' id='word_1_78' title='bbox 1092 861 1163 902; x_wconf 66' lang='lat' dir='ltr'><strong>emm</strong></span> 
     </span>
    </p>
   </div>
   <div class='ocr_carea' id='block_1_5' title="bbox 100 1072 1163 1195">
    <p class='ocr_par' dir='ltr' id='par_1_6' title="bbox 100 1072 1163 1195">
     <span class='ocr_line' id='line_1_10' title="bbox 100 1072 1163 1136; baseline -0.002 -11"><span class='ocrx_word' id='word_1_79' title='bbox 100 1075 216 1125; x_wconf 83' lang='lat' dir='ltr'><strong>servituti</strong></span> <span class='ocrx_word' id='word_1_80' title='bbox 236 1086 282 1125; x_wconf 86' lang='lat' dir='ltr'><strong>vus</strong></span> <span class='ocrx_word' id='word_1_81' title='bbox 297 1074 474 1134; x_wconf 78' lang='lat' dir='ltr'><strong>collidentes,</strong></span> <span class='ocrx_word' id='word_1_82' title='bbox 487 1076 514 1124; x_wconf 88' lang='lat' dir='ltr'><strong>et</strong></span> <span class='ocrx_word' id='word_1_83' title='bbox 528 1072 658 1136; x_wconf 75' lang='lat' dir='ltr'><strong>Evangelii</strong></span> <span class='ocrx_word' id='word_1_84' title='bbox 673 1077 806 1124; x_wconf 89' lang='lat' dir='ltr'><strong>veritatem</strong></span> <span class='ocrx_word' id='word_1_85' title='bbox 824 1072 936 1123; x_wconf 82' lang='lat' dir='ltr'><strong>violastis</strong></span> <span class='ocrx_word' id='word_1_86' title='bbox 956 1076 983 1124; x_wconf 88' lang='lat' dir='ltr'><strong>et</strong></span> <span class='ocrx_word' id='word_1_87' title='bbox 999 1072 1163 1129; x_wconf 83' lang='lat' dir='ltr'><strong>christianam</strong></span> 
     </span>
     <span class='ocr_line' id='line_1_11' title="bbox 100 1144 397 1195; baseline -0.007 0"><span class='ocrx_word' id='word_1_88' title='bbox 100 1144 242 1195; x_wconf 86' lang='lat' dir='ltr'><strong>libertatem</strong></span> <span class='ocrx_word' id='word_1_89' title='bbox 258 1145 397 1194; x_wconf 79' lang='lat' dir='ltr'><strong>anusisilsi</strong></span> 
     </span>
    </p>
   </div>
   <div class='ocr_carea' id='block_1_6' title="bbox 99 1236 1162 2407">
    <p class='ocr_par' dir='ltr' id='par_1_7' title="bbox 100 1236 1162 1441">
     <span class='ocr_line' id='line_1_12' title="bbox 130 1236 1162 1302; baseline -0.001 -11"><span class='ocrx_word' id='word_1_90' title='bbox 130 1240 288 1292; x_wconf 78' lang='lat' dir='ltr'><strong>observasse</strong></span> <span class='ocrx_word' id='word_1_91' title='bbox 306 1238 522 1290; x_wconf 78' lang='lat' dir='ltr'><strong>numnis-Boc</strong></span> <span class='ocrx_word' id='word_1_92' title='bbox 535 1252 581 1289; x_wconf 91' lang='lat' dir='ltr'><strong>sno</strong></span> <span class='ocrx_word' id='word_1_93' title='bbox 594 1236 707 1302; x_wconf 80' lang='lat' dir='ltr'><strong>exemplo</strong></span> <span class='ocrx_word' id='word_1_94' title='bbox 717 1237 747 1288; x_wconf 88' lang='lat' dir='ltr'><strong>ii.</strong></span> <span class='ocrx_word' id='word_1_95' title='bbox 761 1237 854 1288; x_wconf 89' lang='lat' dir='ltr'><strong>Paulos</strong></span> <span class='ocrx_word' id='word_1_96' title='bbox 866 1237 1083 1301; x_wconf 82' lang='lat' dir='ltr'><strong>omnespraalaias</strong></span> <span class='ocrx_word' id='word_1_97' title='bbox 1093 1239 1162 1290; x_wconf 83' lang='lat' dir='ltr'><strong>docet</strong></span> 
     </span>
     <span class='ocr_line' id='line_1_13' title="bbox 101 1307 1160 1372; baseline -0.003 -10"><span class='ocrx_word' id='word_1_98' title='bbox 101 1314 130 1363; x_wconf 88' lang='lat' dir='ltr'><strong>ut</strong></span> <span class='ocrx_word' id='word_1_99' title='bbox 140 1308 268 1372; x_wconf 82' lang='lat' dir='ltr'><strong>Evangelii</strong></span> <span class='ocrx_word' id='word_1_100' title='bbox 281 1310 426 1366; x_wconf 90' lang='lat' dir='ltr'><strong>veritatem,</strong></span> <span class='ocrx_word' id='word_1_101' title='bbox 442 1307 685 1367; x_wconf 78' lang='lat' dir='ltr'>ecclesiasticamque</span> <span class='ocrx_word' id='word_1_102' title='bbox 701 1307 844 1357; x_wconf 87' lang='lat' dir='ltr'><strong>libertatem</strong></span> <span class='ocrx_word' id='word_1_103' title='bbox 854 1307 973 1369; x_wconf 79' lang='lat' dir='ltr'><strong>generose</strong></span> <span class='ocrx_word' id='word_1_104' title='bbox 985 1312 1160 1372; x_wconf 76' lang='lat' dir='ltr'><strong>propugnant,</strong></span> 
     </span>
     <span class='ocr_line' id='line_1_14' title="bbox 100 1375 685 1441; baseline -0.009 -10"><span class='ocrx_word' id='word_1_105' title='bbox 100 1378 215 1441; x_wconf 79' lang='lat' dir='ltr'><strong>ninilque</strong></span> <span class='ocrx_word' id='word_1_106' title='bbox 230 1378 262 1428; x_wconf 93' lang='lat' dir='ltr'><strong>ob</strong></span> <span class='ocrx_word' id='word_1_107' title='bbox 274 1375 406 1426; x_wconf 85' lang='lat' dir='ltr'><strong>bominem</strong></span> <span class='ocrx_word' id='word_1_108' title='bbox 419 1377 552 1425; x_wconf 77' lang='lat' dir='ltr'>instantias</span> <span class='ocrx_word' id='word_1_109' title='bbox 564 1376 685 1426; x_wconf 77' lang='lat' dir='ltr'><strong>relaxent.</strong></span> 
     </span>
    </p>

    <p class='ocr_par' dir='ltr' id='par_1_8' title="bbox 99 1443 1161 1639">
     <span class='ocr_line' id='line_1_15' title="bbox 129 1443 1161 1508; baseline -0.002 -10"><span class='ocrx_word' id='word_1_110' title='bbox 129 1447 273 1498; x_wconf 78' lang='lat' dir='ltr'><strong>Notandum</strong></span> <span class='ocrx_word' id='word_1_111' title='bbox 288 1449 375 1494; x_wconf 72' lang='lat' dir='ltr'><strong>umen</strong></span> <span class='ocrx_word' id='word_1_112' title='bbox 385 1443 488 1505; x_wconf 81' lang='lat' dir='ltr'><strong>quodli.</strong></span> <span class='ocrx_word' id='word_1_113' title='bbox 501 1443 607 1504; x_wconf 86' lang='lat' dir='ltr'><strong>Paulus,</strong></span> <span class='ocrx_word' id='word_1_114' title='bbox 615 1446 659 1506; x_wconf 84' lang='lat' dir='ltr'><strong>qul</strong></span> <span class='ocrx_word' id='word_1_115' title='bbox 668 1457 720 1494; x_wconf 92' lang='lat' dir='ltr'><strong>non</strong></span> <span class='ocrx_word' id='word_1_116' title='bbox 735 1445 773 1494; x_wconf 88' lang='lat' dir='ltr'><strong>est</strong></span> <span class='ocrx_word' id='word_1_117' title='bbox 785 1443 828 1495; x_wconf 90' lang='lat' dir='ltr'><strong>bic</strong></span> <span class='ocrx_word' id='word_1_118' title='bbox 838 1456 927 1508; x_wconf 88' lang='lat' dir='ltr'><strong>passus</strong></span> <span class='ocrx_word' id='word_1_119' title='bbox 937 1449 968 1494; x_wconf 91' lang='lat' dir='ltr'><strong>ut</strong></span> <span class='ocrx_word' id='word_1_120' title='bbox 978 1445 1053 1496; x_wconf 84' lang='lat' dir='ltr'><strong>&#39;liius</strong></span> <span class='ocrx_word' id='word_1_121' title='bbox 1065 1444 1161 1508; x_wconf 65' lang='lat' dir='ltr'><strong>matida</strong></span> 
     </span>
     <span class='ocr_line' id='line_1_16' title="bbox 100 1513 1160 1577; baseline -0.001 -9"><span class='ocrx_word' id='word_1_122' title='bbox 100 1516 337 1574; x_wconf 87' lang='lat' dir='ltr'><strong>circumcideretur,</strong></span> <span class='ocrx_word' id='word_1_123' title='bbox 345 1513 405 1564; x_wconf 86' lang='lat' dir='ltr'><strong>licet</strong></span> <span class='ocrx_word' id='word_1_124' title='bbox 416 1518 534 1573; x_wconf 79' lang='lat' dir='ltr'><strong>urgerent</strong></span> <span class='ocrx_word' id='word_1_125' title='bbox 545 1514 600 1563; x_wconf 84' lang='lat' dir='ltr'><strong>taisi</strong></span> <span class='ocrx_word' id='word_1_126' title='bbox 614 1514 718 1575; x_wconf 65' lang='lat' dir='ltr'><strong>tratrem</strong></span> <span class='ocrx_word' id='word_1_127' title='bbox 729 1516 789 1577; x_wconf 87' lang='lat' dir='ltr'><strong>quia</strong></span> <span class='ocrx_word' id='word_1_128' title='bbox 801 1516 872 1564; x_wconf 88' lang='lat' dir='ltr'><strong>visas</strong></span> <span class='ocrx_word' id='word_1_129' title='bbox 886 1515 977 1565; x_wconf 81' lang='lat' dir='ltr'><strong>inisset</strong></span> <span class='ocrx_word' id='word_1_130' title='bbox 984 1515 1036 1567; x_wconf 90' lang='lat' dir='ltr'><strong>hoc</strong></span> <span class='ocrx_word' id='word_1_131' title='bbox 1044 1515 1113 1567; x_wconf 80' lang='lat' dir='ltr'><strong>facto</strong></span> <span class='ocrx_word' id='word_1_132' title='bbox 1122 1528 1160 1566; x_wconf 83' lang='lat' dir='ltr'><strong>os·</strong></span> 
     </span>
     <span class='ocr_line' id='line_1_17' title="bbox 99 1582 925 1639; baseline -0.005 -3"><span class='ocrx_word' id='word_1_133' title='bbox 99 1597 182 1636; x_wconf 85' lang='lat' dir='ltr'><strong>serere</strong></span> <span class='ocrx_word' id='word_1_134' title='bbox 193 1584 414 1633; x_wconf 88' lang='lat' dir='ltr'><strong>circumcisionem</strong></span> <span class='ocrx_word' id='word_1_135' title='bbox 425 1582 566 1632; x_wconf 82' lang='lat' dir='ltr'><strong>Gentilibus</strong></span> <span class='ocrx_word' id='word_1_136' title='bbox 577 1596 633 1639; x_wconf 82' lang='lat' dir='ltr'><strong>esse</strong></span> <span class='ocrx_word' id='word_1_137' title='bbox 644 1585 824 1634; x_wconf 88' lang='lat' dir='ltr'><strong>necessariam.</strong></span> <span class='ocrx_word' id='word_1_138' title='bbox 922 1608 925 1618; x_wconf 93' lang='lat'>·</span> 
     </span>
    </p>

    <p class='ocr_par' dir='ltr' id='par_1_9' title="bbox 100 1651 1161 1852">
     <span class='ocr_line' id='line_1_18' title="bbox 129 1651 1161 1716; baseline -0.001 -13"><span class='ocrx_word' id='word_1_139' title='bbox 129 1653 217 1703; x_wconf 88' lang='lat' dir='ltr'><strong>Postea</strong></span> <span class='ocrx_word' id='word_1_140' title='bbox 232 1651 288 1702; x_wconf 78' lang='lat' dir='ltr'><strong>dot.</strong></span> <span class='ocrx_word' id='word_1_141' title='bbox 303 1654 341 1701; x_wconf 85' lang='lat' dir='ltr'><strong>ia.</strong></span> <span class='ocrx_word' id='word_1_142' title='bbox 352 1651 514 1701; x_wconf 82' lang='lat' dir='ltr'><strong>Timotheum</strong></span> <span class='ocrx_word' id='word_1_143' title='bbox 527 1652 700 1712; x_wconf 85' lang='lat' dir='ltr'><strong>semijudaeum</strong></span> <span class='ocrx_word' id='word_1_144' title='bbox 708 1689 716 1711; x_wconf 89' lang='lat'><strong>,</strong></span> <span class='ocrx_word' id='word_1_145' title='bbox 725 1651 839 1710; x_wconf 88' lang='lat' dir='ltr'><strong>scilicet,</strong></span> <span class='ocrx_word' id='word_1_146' title='bbox 852 1662 883 1702; x_wconf 86' lang='lat' dir='ltr'><strong>ex</strong></span> <span class='ocrx_word' id='word_1_147' title='bbox 897 1657 980 1702; x_wconf 84' lang='lat' dir='ltr'><strong>maire</strong></span> <span class='ocrx_word' id='word_1_148' title='bbox 997 1653 1101 1716; x_wconf 77' lang='lat' dir='ltr'><strong>iudea,</strong></span> <span class='ocrx_word' id='word_1_149' title='bbox 1113 1654 1161 1704; x_wconf 87' lang='lat' dir='ltr'><strong>cir·</strong></span> 
     </span>
     <span class='ocr_line' id='line_1_19' title="bbox 100 1720 1161 1785; baseline -0.002 -12"><span class='ocrx_word' id='word_1_150' title='bbox 100 1722 235 1776; x_wconf 87' lang='lat' dir='ltr'><strong>cumeidii.</strong></span> <span class='ocrx_word' id='word_1_151' title='bbox 248 1734 280 1771; x_wconf 87' lang='lat' dir='ltr'><strong>ne</strong></span> <span class='ocrx_word' id='word_1_152' title='bbox 298 1720 398 1770; x_wconf 80' lang='lat' dir='ltr'><strong>ludaeos</strong></span> <span class='ocrx_word' id='word_1_153' title='bbox 415 1722 526 1770; x_wconf 87' lang='lat' dir='ltr'><strong>irritaret</strong></span> <span class='ocrx_word' id='word_1_154' title='bbox 539 1738 546 1770; x_wconf 74' lang='grc' dir='ltr'><strong>ε</strong></span> <span class='ocrx_word' id='word_1_155' title='bbox 559 1721 603 1771; x_wconf 90' lang='lat' dir='ltr'><strong>sed</strong></span> <span class='ocrx_word' id='word_1_156' title='bbox 619 1720 713 1771; x_wconf 78' lang='lat' dir='ltr'><strong>iudeis</strong></span> <span class='ocrx_word' id='word_1_157' title='bbox 731 1722 859 1785; x_wconf 76' lang='lat' dir='ltr'><strong>acceptior</strong></span> <span class='ocrx_word' id='word_1_158' title='bbox 870 1725 935 1771; x_wconf 88' lang='lat' dir='ltr'><strong>esset</strong></span> <span class='ocrx_word' id='word_1_159' title='bbox 951 1721 1161 1784; x_wconf 77' lang='lat' dir='ltr'><strong>Timotheus,ait</strong></span> 
     </span>
     <span class='ocr_line' id='line_1_20' title="bbox 100 1791 423 1852; baseline -0.006 -10"><span class='ocrx_word' id='word_1_160' title='bbox 100 1792 211 1843; x_wconf 73' lang='lat' dir='ltr'><strong>taloan.</strong></span> <span class='ocrx_word' id='word_1_161' title='bbox 221 1791 423 1852; x_wconf 79' lang='lat' dir='ltr'><strong>chrysostomus.</strong></span> 
     </span>
    </p>

    <p class='ocr_par' dir='ltr' id='par_1_10' title="bbox 99 1857 1161 2062">
     <span class='ocr_line' id='line_1_21' title="bbox 128 1857 1161 1923; baseline -0.003 -11"><span class='ocrx_word' id='word_1_162' title='bbox 128 1862 222 1913; x_wconf 87' lang='lat' dir='ltr'><strong>Paulus</strong></span> <span class='ocrx_word' id='word_1_163' title='bbox 233 1860 393 1910; x_wconf 86' lang='lat' dir='ltr'><strong>Timotheum</strong></span> <span class='ocrx_word' id='word_1_164' title='bbox 404 1859 571 1910; x_wconf 67' lang='lat' dir='ltr'><strong>aasumensi</strong></span> <span class='ocrx_word' id='word_1_165' title='bbox 581 1858 847 1921; x_wconf 78' lang='lat' dir='ltr'><strong>docendumiudaeos,</strong></span> <span class='ocrx_word' id='word_1_166' title='bbox 860 1857 934 1910; x_wconf 88' lang='lat' dir='ltr'><strong>illum</strong></span> <span class='ocrx_word' id='word_1_167' title='bbox 944 1860 1018 1923; x_wconf 86' lang='lat' dir='ltr'><strong>prlbs</strong></span> <span class='ocrx_word' id='word_1_168' title='bbox 1026 1861 1161 1912; x_wconf 81' lang='lat' dir='ltr'><strong>circumcl-</strong></span> 
     </span>
     <span class='ocr_line' id='line_1_22' title="bbox 99 1928 1160 1992; baseline -0.002 -10"><span class='ocrx_word' id='word_1_169' title='bbox 99 1931 152 1992; x_wconf 89' lang='lat' dir='ltr'><strong>dii,</strong></span> <span class='ocrx_word' id='word_1_170' title='bbox 168 1935 198 1980; x_wconf 92' lang='lat' dir='ltr'><strong>ut</strong></span> <span class='ocrx_word' id='word_1_171' title='bbox 207 1931 294 1980; x_wconf 89' lang='lat' dir='ltr'><strong>doctor</strong></span> <span class='ocrx_word' id='word_1_172' title='bbox 309 1934 374 1980; x_wconf 89' lang='lat' dir='ltr'><strong>esset</strong></span> <span class='ocrx_word' id='word_1_173' title='bbox 384 1931 526 1992; x_wconf 62' lang='lat' dir='ltr'><strong>acceptiore</strong></span> <span class='ocrx_word' id='word_1_174' title='bbox 539 1932 663 1991; x_wconf 76' lang='lat' dir='ltr'><strong>ingressus</strong></span> <span class='ocrx_word' id='word_1_175' title='bbox 674 1933 713 1980; x_wconf 89' lang='lat' dir='ltr'><strong>est</strong></span> <span class='ocrx_word' id='word_1_176' title='bbox 725 1943 785 1979; x_wconf 89' lang='lat' dir='ltr'><strong>cum</strong></span> <span class='ocrx_word' id='word_1_177' title='bbox 796 1930 990 1980; x_wconf 79' lang='lat' dir='ltr'><strong>circumcisione</strong></span> <span class='ocrx_word' id='word_1_178' title='bbox 1005 1928 1160 1990; x_wconf 72' lang='lat' dir='ltr'><strong>Timoneas,</strong></span> 
     </span>
     <span class='ocr_line' id='line_1_23' title="bbox 100 1997 828 2062; baseline -0.003 -12"><span class='ocrx_word' id='word_1_179' title='bbox 100 2003 129 2050; x_wconf 89' lang='lat' dir='ltr'><strong>ut</strong></span> <span class='ocrx_word' id='word_1_180' title='bbox 140 2000 270 2062; x_wconf 81' lang='lat' dir='ltr'><strong>abrogaret</strong></span> <span class='ocrx_word' id='word_1_181' title='bbox 281 2000 511 2050; x_wconf 86' lang='lat' dir='ltr'><strong>circumcisionem.</strong></span> <span class='ocrx_word' id='word_1_182' title='bbox 519 1997 549 2047; x_wconf 83' lang='lat' dir='ltr'><strong>ii.</strong></span> <span class='ocrx_word' id='word_1_183' title='bbox 557 1997 764 2059; x_wconf 81' lang='lat' dir='ltr'><strong>chrysostomus,</strong></span> <span class='ocrx_word' id='word_1_184' title='bbox 775 1997 828 2048; x_wconf 88' lang='lat' dir='ltr'><strong>hic.</strong></span> 
     </span>
    </p>

    <p class='ocr_par' dir='ltr' id='par_1_11' title="bbox 99 2065 1160 2188">
     <span class='ocr_line' id='line_1_24' title="bbox 126 2065 1160 2131; baseline 0 -12"><span class='ocrx_word' id='word_1_185' title='bbox 126 2069 178 2120; x_wconf 90' lang='lat' dir='ltr'><strong>llec</strong></span> <span class='ocrx_word' id='word_1_186' title='bbox 189 2075 275 2119; x_wconf 88' lang='lat' dir='ltr'><strong>autem</strong></span> <span class='ocrx_word' id='word_1_187' title='bbox 288 2069 370 2131; x_wconf 91' lang='lat' dir='ltr'><strong>potuit</strong></span> <span class='ocrx_word' id='word_1_188' title='bbox 383 2067 450 2117; x_wconf 80' lang='lat' dir='ltr'><strong>licite</strong></span> <span class='ocrx_word' id='word_1_189' title='bbox 459 2104 466 2123; x_wconf 85' lang='lat'><strong>.</strong></span> <span class='ocrx_word' id='word_1_190' title='bbox 475 2068 535 2127; x_wconf 79' lang='lat' dir='ltr'><strong>quia</strong></span> <span class='ocrx_word' id='word_1_191' title='bbox 551 2067 609 2116; x_wconf 84' lang='lat' dir='ltr'><strong>iicet</strong></span> <span class='ocrx_word' id='word_1_192' title='bbox 619 2065 659 2116; x_wconf 86' lang='lat' dir='ltr'><strong>lex</strong></span> <span class='ocrx_word' id='word_1_193' title='bbox 668 2073 730 2117; x_wconf 82' lang='lat' dir='ltr'><strong>tarne</strong></span> <span class='ocrx_word' id='word_1_194' title='bbox 740 2072 805 2117; x_wconf 88' lang='lat' dir='ltr'><strong>esset</strong></span> <span class='ocrx_word' id='word_1_195' title='bbox 815 2069 915 2118; x_wconf 87' lang='lat' dir='ltr'><strong>mortua</strong></span> <span class='ocrx_word' id='word_1_196' title='bbox 923 2104 932 2129; x_wconf 95' lang='lat'><strong>,</strong></span> <span class='ocrx_word' id='word_1_197' title='bbox 941 2068 1061 2119; x_wconf 87' lang='lat' dir='ltr'><strong>nondum</strong></span> <span class='ocrx_word' id='word_1_198' title='bbox 1077 2073 1160 2120; x_wconf 77' lang='lat' dir='ltr'><strong>minen</strong></span> 
     </span>
     <span class='ocr_line' id='line_1_25' title="bbox 99 2135 976 2188; baseline -0.001 0"><span class='ocrx_word' id='word_1_199' title='bbox 99 2142 153 2188; x_wconf 85' lang='lat' dir='ltr'><strong>crat</strong></span> <span class='ocrx_word' id='word_1_200' title='bbox 166 2137 293 2188; x_wconf 81' lang='lat' dir='ltr'><strong>mortitera</strong></span> <span class='ocrx_word' id='word_1_201' title='bbox 305 2156 313 2186; x_wconf 75' lang='lat' dir='ltr'><strong>a</strong></span> <span class='ocrx_word' id='word_1_202' title='bbox 323 2141 348 2185; x_wconf 89' lang='lat' dir='ltr'><strong>et</strong></span> <span class='ocrx_word' id='word_1_203' title='bbox 360 2135 463 2185; x_wconf 78' lang='lat' dir='ltr'><strong>aliunde</strong></span> <span class='ocrx_word' id='word_1_204' title='bbox 474 2135 615 2186; x_wconf 85' lang='lat' dir='ltr'><strong>Gentilibus</strong></span> <span class='ocrx_word' id='word_1_205' title='bbox 624 2135 723 2185; x_wconf 90' lang='lat' dir='ltr'><strong>nullum</strong></span> <span class='ocrx_word' id='word_1_206' title='bbox 738 2136 807 2185; x_wconf 91' lang='lat' dir='ltr'><strong>dedit</strong></span> <span class='ocrx_word' id='word_1_207' title='bbox 818 2137 976 2188; x_wconf 89' lang='lat' dir='ltr'><strong>scandalum.</strong></span> 
     </span>
    </p>

    <p class='ocr_par' dir='ltr' id='par_1_12' title="bbox 99 2205 1161 2407">
     <span class='ocr_line' id='line_1_26' title="bbox 129 2205 1161 2270; baseline 0 -12"><span class='ocrx_word' id='word_1_208' title='bbox 129 2207 200 2258; x_wconf 84' lang='lat' dir='ltr'><strong>Unde</strong></span> <span class='ocrx_word' id='word_1_209' title='bbox 212 2205 346 2256; x_wconf 86' lang='lat' dir='ltr'><strong>concludes</strong></span> <span class='ocrx_word' id='word_1_210' title='bbox 356 2205 516 2267; x_wconf 73' lang='lat' dir='ltr'><strong>praelatorum</strong></span> <span class='ocrx_word' id='word_1_211' title='bbox 530 2216 583 2254; x_wconf 90' lang='lat' dir='ltr'><strong>esse</strong></span> <span class='ocrx_word' id='word_1_212' title='bbox 593 2205 749 2266; x_wconf 83' lang='lat' dir='ltr'><strong>prudentiae,</strong></span> <span class='ocrx_word' id='word_1_213' title='bbox 765 2219 822 2267; x_wconf 87' lang='lat' dir='ltr'><strong>res,</strong></span> <span class='ocrx_word' id='word_1_214' title='bbox 833 2210 946 2268; x_wconf 89' lang='lat' dir='ltr'><strong>tempus,</strong></span> <span class='ocrx_word' id='word_1_215' title='bbox 959 2220 1095 2270; x_wconf 86' lang='lat' dir='ltr'><strong>personas,</strong></span> <span class='ocrx_word' id='word_1_216' title='bbox 1106 2220 1161 2258; x_wconf 89' lang='lat' dir='ltr'><strong>om·</strong></span> 
     </span>
     <span class='ocr_line' id='line_1_27' title="bbox 100 2273 1160 2341; baseline 0.003 -15"><span class='ocrx_word' id='word_1_217' title='bbox 100 2289 193 2337; x_wconf 85' lang='lat' dir='ltr'><strong>aesque</strong></span> <span class='ocrx_word' id='word_1_218' title='bbox 205 2277 408 2324; x_wconf 87' lang='lat' dir='ltr'><strong>circumstantias</strong></span> <span class='ocrx_word' id='word_1_219' title='bbox 426 2276 569 2324; x_wconf 81' lang='lat' dir='ltr'><strong>examinare</strong></span> <span class='ocrx_word' id='word_1_220' title='bbox 581 2292 589 2323; x_wconf 76' lang='lat' dir='ltr'><strong><em>z</em></strong></span> <span class='ocrx_word' id='word_1_221' title='bbox 601 2273 663 2323; x_wconf 89' lang='lat' dir='ltr'><strong>binc</strong></span> <span class='ocrx_word' id='word_1_222' title='bbox 674 2274 708 2324; x_wconf 91' lang='lat' dir='ltr'><strong>ad</strong></span> <span class='ocrx_word' id='word_1_223' title='bbox 722 2274 779 2325; x_wconf 89' lang='lat' dir='ltr'><strong>ilios</strong></span> <span class='ocrx_word' id='word_1_224' title='bbox 791 2277 917 2341; x_wconf 77' lang='lat' dir='ltr'><strong>precipue</strong></span> <span class='ocrx_word' id='word_1_225' title='bbox 934 2277 1051 2328; x_wconf 86' lang='lat' dir='ltr'><strong>Christus</strong></span> <span class='ocrx_word' id='word_1_226' title='bbox 1063 2299 1070 2328; x_wconf 74' lang='grc' dir='ltr'><strong>ε</strong></span> <span class='ocrx_word' id='word_1_227' title='bbox 1082 2281 1160 2330; x_wconf 75' lang='lat' dir='ltr'><strong>Estote</strong></span> 
     </span>
     <span class='ocr_line' id='line_1_28' title="bbox 99 2343 444 2407; baseline -0.003 -14"><span class='ocrx_word' id='word_1_228' title='bbox 99 2347 230 2407; x_wconf 75' lang='lat' dir='ltr'><strong>prudenter</strong></span> <span class='ocrx_word' id='word_1_229' title='bbox 240 2343 305 2391; x_wconf 71' lang='lat' dir='ltr'><strong>sicta</strong></span> <span class='ocrx_word' id='word_1_230' title='bbox 315 2349 444 2404; x_wconf 80' lang='lat' dir='ltr'><strong>serpentes.</strong></span> 
     </span>
    </p>
   </div>
   <div class='ocr_carea' id='block_1_7' title="bbox 97 2437 1160 2846">
    <p class='ocr_par' dir='ltr' id='par_1_13' title="bbox 130 2437 584 2500">
     <span class='ocr_line' id='line_1_29' title="bbox 130 2437 584 2500; baseline -0.002 -11"><span class='ocrx_word' id='word_1_231' title='bbox 130 2444 155 2490; x_wconf 87' lang='grc'><strong>6.</strong></span> <span class='ocrx_word' id='word_1_232' title='bbox 167 2440 205 2488; x_wconf 79' lang='lat' dir='ltr'><strong>Ab</strong></span> <span class='ocrx_word' id='word_1_233' title='bbox 219 2439 253 2488; x_wconf 81' lang='lat' dir='ltr'><strong>iis</strong></span> <span class='ocrx_word' id='word_1_234' title='bbox 264 2443 348 2487; x_wconf 83' lang='lat' dir='ltr'><strong>eutem</strong></span> <span class='ocrx_word' id='word_1_235' title='bbox 363 2439 410 2500; x_wconf 83' lang='lat' dir='ltr'><strong>qui</strong></span> <span class='ocrx_word' id='word_1_236' title='bbox 425 2437 584 2488; x_wconf 78' lang='lat' dir='ltr'><strong>uidebuntur.</strong></span> 
     </span>
    </p>

    <p class='ocr_par' dir='ltr' id='par_1_14' title="bbox 97 2506 1160 2846">
     <span class='ocr_line' id='line_1_30' title="bbox 130 2506 1158 2588; baseline 0 -29"><span class='ocrx_word' id='word_1_237' title='bbox 130 2509 234 2559; x_wconf 75' lang='lat' dir='ltr'><strong>Probata</strong></span> <span class='ocrx_word' id='word_1_238' title='bbox 248 2508 368 2588; x_wconf 75' lang='lat' dir='ltr'><strong>doctrinae</strong></span> <span class='ocrx_word' id='word_1_239' title='bbox 378 2519 430 2556; x_wconf 83' lang='lat' dir='ltr'><strong>suae</strong></span> <span class='ocrx_word' id='word_1_240' title='bbox 447 2520 507 2556; x_wconf 92' lang='lat' dir='ltr'><strong>cum</strong></span> <span class='ocrx_word' id='word_1_241' title='bbox 527 2506 702 2571; x_wconf 77' lang='lat' dir='ltr'><strong>Apostolorum</strong></span> <span class='ocrx_word' id='word_1_242' title='bbox 718 2506 833 2558; x_wconf 90' lang='lat' dir='ltr'><strong>doctrina</strong></span> <span class='ocrx_word' id='word_1_243' title='bbox 847 2508 1024 2559; x_wconf 77' lang='lat' dir='ltr'><strong>conformitate</strong></span> <span class='ocrx_word' id='word_1_244' title='bbox 1038 2522 1068 2560; x_wconf 87' lang='lat' dir='ltr'><strong>ex</strong></span> <span class='ocrx_word' id='word_1_245' title='bbox 1080 2510 1158 2571; x_wconf 86' lang='lat' dir='ltr'><strong>iacto,</strong></span> 
     </span>
     <span class='ocr_line' id='line_1_31' title="bbox 98 2575 1158 2710; baseline 0 -13"><span class='ocrx_word' id='word_1_246' title='bbox 98 2575 397 2708; x_wconf 42' lang='lat' dir='ltr'><strong>calling-›renfficiiltssobat</strong></span> <span class='ocrx_word' id='word_1_247' title='bbox 416 2658 447 2695; x_wconf 82' lang='lat' dir='ltr'><strong>ex</strong></span> <span class='ocrx_word' id='word_1_248' title='bbox 465 2645 579 2706; x_wconf 85' lang='lat' dir='ltr'><strong>eoquod</strong></span> <span class='ocrx_word' id='word_1_249' title='bbox 596 2646 710 2708; x_wconf 87' lang='lat' dir='ltr'><strong>primarii</strong></span> <span class='ocrx_word' id='word_1_250' title='bbox 731 2644 1022 2708; x_wconf 79' lang='lat' dir='ltr'><strong>Apostoli,quibuscum</strong></span> <span class='ocrx_word' id='word_1_251' title='bbox 1043 2649 1158 2710; x_wconf 85' lang='lat' dir='ltr'><strong>privatim</strong></span> 
     </span>
     <span class='ocr_line' id='line_1_32' title="bbox 97 2715 1160 2778; baseline -0.002 -9"><span class='ocrx_word' id='word_1_252' title='bbox 97 2719 311 2776; x_wconf 88' lang='lat' dir='ltr'><strong>communicavit,</strong></span> <span class='ocrx_word' id='word_1_253' title='bbox 324 2722 349 2765; x_wconf 92' lang='lat' dir='ltr'><strong>et</strong></span> <span class='ocrx_word' id='word_1_254' title='bbox 361 2717 452 2777; x_wconf 85' lang='lat' dir='ltr'><strong>quibus</strong></span> <span class='ocrx_word' id='word_1_255' title='bbox 465 2729 541 2765; x_wconf 90' lang='lat' dir='ltr'><strong>suum</strong></span> <span class='ocrx_word' id='word_1_256' title='bbox 554 2715 718 2775; x_wconf 83' lang='lat' dir='ltr'><strong>Evangelium</strong></span> <span class='ocrx_word' id='word_1_257' title='bbox 733 2715 929 2765; x_wconf 82' lang='lat' dir='ltr'><strong>examinandum</strong></span> <span class='ocrx_word' id='word_1_258' title='bbox 941 2716 1078 2778; x_wconf 87' lang='lat' dir='ltr'><strong>submisit,</strong></span> <span class='ocrx_word' id='word_1_259' title='bbox 1092 2719 1119 2767; x_wconf 90' lang='lat' dir='ltr'><strong>ln</strong></span> <span class='ocrx_word' id='word_1_260' title='bbox 1133 2729 1160 2766; x_wconf 85' lang='lat' dir='ltr'><strong>eu</strong></span> 
     </span>
     <span class='ocr_line' id='line_1_33' title="bbox 98 2783 765 2846; baseline -0.006 -8"><span class='ocrx_word' id='word_1_261' title='bbox 98 2788 164 2838; x_wconf 86' lang='lat' dir='ltr'><strong>nibil</strong></span> <span class='ocrx_word' id='word_1_262' title='bbox 173 2788 357 2846; x_wconf 81' lang='lat' dir='ltr'><strong>immutarunt,</strong></span> <span class='ocrx_word' id='word_1_263' title='bbox 372 2799 419 2835; x_wconf 91' lang='lat' dir='ltr'><strong>nec</strong></span> <span class='ocrx_word' id='word_1_264' title='bbox 432 2785 547 2834; x_wconf 91' lang='lat' dir='ltr'><strong>addendo</strong></span> <span class='ocrx_word' id='word_1_265' title='bbox 557 2822 563 2844; x_wconf 91' lang='lat'><strong>,</strong></span> <span class='ocrx_word' id='word_1_266' title='bbox 574 2783 620 2835; x_wconf 72' lang='lat' dir='ltr'><strong>nec</strong></span> <span class='ocrx_word' id='word_1_267' title='bbox 631 2784 765 2834; x_wconf 86' lang='lat' dir='ltr'><strong>demendo.</strong></span> 
     </span>
    </p>
   </div>
   <div class='ocr_carea' id='block_1_8' title="bbox 97 2865 1160 3068">
    <p class='ocr_par' dir='ltr' id='par_1_15' title="bbox 97 2865 1160 3068">
     <span class='ocr_line' id='line_1_34' title="bbox 126 2865 1159 2930; baseline -0.001 -12"><span class='ocrx_word' id='word_1_268' title='bbox 126 2870 165 2918; x_wconf 76' lang='lat' dir='ltr'><strong>ab</strong></span> <span class='ocrx_word' id='word_1_269' title='bbox 176 2870 210 2918; x_wconf 80' lang='lat' dir='ltr'><strong>iis</strong></span> <span class='ocrx_word' id='word_1_270' title='bbox 220 2869 266 2930; x_wconf 78' lang='lat' dir='ltr'><strong>qui</strong></span> <span class='ocrx_word' id='word_1_271' title='bbox 275 2867 455 2917; x_wconf 81' lang='lat' dir='ltr'><strong>videbuntur...</strong></span> <span class='ocrx_word' id='word_1_272' title='bbox 467 2865 516 2914; x_wconf 90' lang='lat' dir='ltr'><strong>hoc</strong></span> <span class='ocrx_word' id='word_1_273' title='bbox 527 2865 646 2924; x_wconf 86' lang='lat' dir='ltr'><strong>verbum,</strong></span> <span class='ocrx_word' id='word_1_274' title='bbox 657 2867 817 2926; x_wconf 77' lang='lat' dir='ltr'><strong>uidebuntur,</strong></span> <span class='ocrx_word' id='word_1_275' title='bbox 828 2878 880 2915; x_wconf 91' lang='lat' dir='ltr'><strong>non</strong></span> <span class='ocrx_word' id='word_1_276' title='bbox 892 2866 959 2915; x_wconf 91' lang='lat' dir='ltr'><strong>tollit</strong></span> <span class='ocrx_word' id='word_1_277' title='bbox 970 2869 1008 2916; x_wconf 88' lang='lat' dir='ltr'><strong>rei</strong></span> <span class='ocrx_word' id='word_1_278' title='bbox 1020 2871 1159 2928; x_wconf 85' lang='lat' dir='ltr'><strong>veritatem,</strong></span> 
     </span>
     <span class='ocr_line' id='line_1_35' title="bbox 97 2935 1160 2995; baseline 0.002 -8"><span class='ocrx_word' id='word_1_279' title='bbox 97 2937 250 2988; x_wconf 75' lang='lat' dir='ltr'><strong>sedoiamam</strong></span> <span class='ocrx_word' id='word_1_280' title='bbox 261 2936 331 2985; x_wconf 91' lang='lat' dir='ltr'><strong>addit</strong></span> <span class='ocrx_word' id='word_1_281' title='bbox 345 2938 445 2984; x_wconf 87' lang='lat' dir='ltr'><strong>veritati</strong></span> <span class='ocrx_word' id='word_1_282' title='bbox 459 2953 465 2983; x_wconf 75' lang='lat' dir='ltr'><strong>a</strong></span> <span class='ocrx_word' id='word_1_283' title='bbox 481 2935 604 2995; x_wconf 79' lang='lat' dir='ltr'><strong>significat</strong></span> <span class='ocrx_word' id='word_1_284' title='bbox 615 2947 690 2994; x_wconf 81' lang='lat' dir='ltr'><strong>ergo,</strong></span> <span class='ocrx_word' id='word_1_285' title='bbox 704 2937 832 2995; x_wconf 85' lang='lat' dir='ltr'><strong>quierant</strong></span> <span class='ocrx_word' id='word_1_286' title='bbox 845 2937 932 2984; x_wconf 80' lang='lat' dir='ltr'><strong>revera</strong></span> <span class='ocrx_word' id='word_1_287' title='bbox 944 2939 1064 2987; x_wconf 69' lang='lat' dir='ltr'><strong>marimo</strong></span> <span class='ocrx_word' id='word_1_288' title='bbox 1073 2944 1160 2989; x_wconf 89' lang='lat' dir='ltr'><strong>aucto·</strong></span> 
     </span>
     <span class='ocr_line' id='line_1_36' title="bbox 97 3005 1025 3068; baseline -0.001 -10"><span class='ocrx_word' id='word_1_289' title='bbox 97 3010 179 3058; x_wconf 82' lang='lat' dir='ltr'><strong>nitatis</strong></span> <span class='ocrx_word' id='word_1_290' title='bbox 190 3011 214 3056; x_wconf 91' lang='lat' dir='ltr'><strong>et</strong></span> <span class='ocrx_word' id='word_1_291' title='bbox 225 3007 354 3067; x_wconf 75' lang='lat' dir='ltr'><strong>scientim,</strong></span> <span class='ocrx_word' id='word_1_292' title='bbox 368 3012 393 3052; x_wconf 89' lang='lat' dir='ltr'><strong>et</strong></span> <span class='ocrx_word' id='word_1_293' title='bbox 405 3009 433 3054; x_wconf 91' lang='lat' dir='ltr'><strong>ut</strong></span> <span class='ocrx_word' id='word_1_294' title='bbox 444 3005 518 3065; x_wconf 87' lang='lat' dir='ltr'><strong>iales,</strong></span> <span class='ocrx_word' id='word_1_295' title='bbox 528 3007 555 3052; x_wconf 89' lang='lat' dir='ltr'><strong>in</strong></span> <span class='ocrx_word' id='word_1_296' title='bbox 566 3016 657 3065; x_wconf 78' lang='lat' dir='ltr'><strong>magno</strong></span> <span class='ocrx_word' id='word_1_297' title='bbox 668 3005 736 3067; x_wconf 90' lang='lat' dir='ltr'><strong>apud</strong></span> <span class='ocrx_word' id='word_1_298' title='bbox 749 3017 837 3054; x_wconf 86' lang='lat' dir='ltr'><strong>omnes</strong></span> <span class='ocrx_word' id='word_1_299' title='bbox 848 3010 920 3054; x_wconf 90' lang='lat' dir='ltr'><strong>crant</strong></span> <span class='ocrx_word' id='word_1_300' title='bbox 931 3009 1025 3068; x_wconf 86' lang='lat' dir='ltr'><strong>pretio.</strong></span> 
     </span>
    </p>
   </div>
   <div class='ocr_carea' id='block_1_9' title="bbox 56 3085 1159 3982">
    <p class='ocr_par' dir='ltr' id='par_1_16' title="bbox 132 3085 506 3148">
     <span class='ocr_line' id='line_1_37' title="bbox 132 3085 506 3148; baseline -0.005 -11"><span class='ocrx_word' id='word_1_301' title='bbox 132 3088 223 3147; x_wconf 81' lang='lat' dir='ltr'><strong>Quales</strong></span> <span class='ocrx_word' id='word_1_302' title='bbox 234 3087 372 3147; x_wconf 77' lang='lat' dir='ltr'><strong>aliquando</strong></span> <span class='ocrx_word' id='word_1_303' title='bbox 384 3085 506 3148; x_wconf 73' lang='lat' dir='ltr'><strong>fuerim...</strong></span> 
     </span>
    </p>

    <p class='ocr_par' dir='ltr' id='par_1_17' title="bbox 97 3155 1159 3287">
     <span class='ocr_line' id='line_1_38' title="bbox 127 3155 1159 3222; baseline 0.005 -18"><span class='ocrx_word' id='word_1_304' title='bbox 127 3157 174 3205; x_wconf 86' lang='lat' dir='ltr'><strong>liic</strong></span> <span class='ocrx_word' id='word_1_305' title='bbox 184 3156 248 3204; x_wconf 89' lang='lat' dir='ltr'><strong>mibi</strong></span> <span class='ocrx_word' id='word_1_306' title='bbox 261 3156 361 3204; x_wconf 87' lang='lat' dir='ltr'><strong>videtur</strong></span> <span class='ocrx_word' id='word_1_307' title='bbox 370 3155 501 3218; x_wconf 76' lang='lat' dir='ltr'><strong>Apostolus</strong></span> <span class='ocrx_word' id='word_1_308' title='bbox 516 3156 567 3205; x_wconf 90' lang='lat' dir='ltr'><strong>duo</strong></span> <span class='ocrx_word' id='word_1_309' title='bbox 578 3157 650 3206; x_wconf 89' lang='lat' dir='ltr'><strong>nobis</strong></span> <span class='ocrx_word' id='word_1_310' title='bbox 663 3157 774 3206; x_wconf 88' lang='lat' dir='ltr'><strong>indicare</strong></span> <span class='ocrx_word' id='word_1_311' title='bbox 787 3157 868 3206; x_wconf 81' lang='lat' dir='ltr'><strong>vallea</strong></span> <span class='ocrx_word' id='word_1_312' title='bbox 884 3159 999 3220; x_wconf 86' lang='lat' dir='ltr'><strong>primum</strong></span> <span class='ocrx_word' id='word_1_313' title='bbox 1011 3196 1018 3220; x_wconf 93' lang='lat'><strong>,</strong></span> <span class='ocrx_word' id='word_1_314' title='bbox 1032 3160 1095 3222; x_wconf 85' lang='lat' dir='ltr'><strong>quid</strong></span> <span class='ocrx_word' id='word_1_315' title='bbox 1110 3172 1159 3209; x_wconf 88' lang='lat' dir='ltr'><strong>non</strong></span> 
     </span>
     <span class='ocr_line' id='line_1_39' title="bbox 97 3223 1086 3287; baseline 0.004 -12"><span class='ocrx_word' id='word_1_316' title='bbox 97 3223 293 3276; x_wconf 81' lang='lat' dir='ltr'><strong>consideraverit</strong></span> <span class='ocrx_word' id='word_1_317' title='bbox 303 3225 330 3272; x_wconf 91' lang='lat' dir='ltr'><strong>in</strong></span> <span class='ocrx_word' id='word_1_318' title='bbox 341 3227 469 3286; x_wconf 86' lang='lat' dir='ltr'><strong>primariis</strong></span> <span class='ocrx_word' id='word_1_319' title='bbox 480 3225 603 3287; x_wconf 86' lang='lat' dir='ltr'><strong>Apostolis</strong></span> <span class='ocrx_word' id='word_1_320' title='bbox 615 3246 621 3274; x_wconf 70' lang='grc' dir='ltr'><strong><em>ι</em></strong></span> <span class='ocrx_word' id='word_1_321' title='bbox 635 3226 774 3275; x_wconf 88' lang='lat' dir='ltr'><strong>secundum</strong></span> <span class='ocrx_word' id='word_1_322' title='bbox 784 3265 790 3286; x_wconf 90' lang='lat'><em>‚</em></span> <span class='ocrx_word' id='word_1_323' title='bbox 801 3227 861 3287; x_wconf 84' lang='lat' dir='ltr'><strong>quid</strong></span> <span class='ocrx_word' id='word_1_324' title='bbox 876 3228 1086 3279; x_wconf 86' lang='lat' dir='ltr'><strong>consideraverit.</strong></span> 
     </span>
    </p>

    <p class='ocr_par' dir='ltr' id='par_1_18' title="bbox 98 3292 1158 3423">
     <span class='ocr_line' id='line_1_40' title="bbox 127 3292 1158 3360; baseline 0.006 -17"><span class='ocrx_word' id='word_1_325' title='bbox 127 3293 182 3343; x_wconf 84' lang='lat' dir='ltr'><strong>Non</strong></span> <span class='ocrx_word' id='word_1_326' title='bbox 196 3292 364 3342; x_wconf 89' lang='lat' dir='ltr'><strong>consideravit</strong></span> <span class='ocrx_word' id='word_1_327' title='bbox 375 3295 471 3354; x_wconf 86' lang='lat' dir='ltr'><strong>quidet</strong></span> <span class='ocrx_word' id='word_1_328' title='bbox 482 3293 569 3354; x_wconf 87' lang='lat' dir='ltr'><strong>quales</strong></span> <span class='ocrx_word' id='word_1_329' title='bbox 581 3294 675 3344; x_wconf 87' lang='lat' dir='ltr'><strong>luerint</strong></span> <span class='ocrx_word' id='word_1_330' title='bbox 686 3299 744 3345; x_wconf 89' lang='lat' dir='ltr'><strong>ante</strong></span> <span class='ocrx_word' id='word_1_331' title='bbox 756 3296 854 3344; x_wconf 81' lang='lat' dir='ltr'><strong>suarna</strong></span> <span class='ocrx_word' id='word_1_332' title='bbox 867 3295 968 3346; x_wconf 85' lang='lat' dir='ltr'><strong>Christo</strong></span> <span class='ocrx_word' id='word_1_333' title='bbox 984 3301 1158 3360; x_wconf 85' lang='lat' dir='ltr'><strong>vocationem,</strong></span> 
     </span>
     <span class='ocr_line' id='line_1_41' title="bbox 98 3361 764 3423; baseline 0.002 -11"><span class='ocrx_word' id='word_1_334' title='bbox 98 3362 221 3412; x_wconf 89' lang='lat' dir='ltr'><strong>nimirum</strong></span> <span class='ocrx_word' id='word_1_335' title='bbox 232 3363 379 3423; x_wconf 87' lang='lat' dir='ltr'><strong>piscatores,</strong></span> <span class='ocrx_word' id='word_1_336' title='bbox 390 3361 526 3421; x_wconf 80' lang='lat' dir='ltr'><strong>illitterati,</strong></span> <span class='ocrx_word' id='word_1_337' title='bbox 539 3363 614 3411; x_wconf 86' lang='lat' dir='ltr'><strong>rodes</strong></span> <span class='ocrx_word' id='word_1_338' title='bbox 626 3367 650 3412; x_wconf 89' lang='lat' dir='ltr'><strong>ei</strong></span> <span class='ocrx_word' id='word_1_339' title='bbox 664 3364 764 3413; x_wconf 62' lang='lat' dir='ltr'><strong>idiotas</strong></span> 
     </span>
    </p>

    <p class='ocr_par' dir='ltr' id='par_1_19' title="bbox 56 3430 1158 3617">
     <span class='ocr_line' id='line_1_42' title="bbox 128 3430 1158 3498; baseline 0.007 -19"><span class='ocrx_word' id='word_1_340' title='bbox 128 3430 180 3480; x_wconf 88' lang='lat' dir='ltr'><strong>lioc</strong></span> <span class='ocrx_word' id='word_1_341' title='bbox 188 3467 195 3491; x_wconf 96' lang='lat'><strong>,</strong></span> <span class='ocrx_word' id='word_1_342' title='bbox 203 3432 321 3492; x_wconf 82' lang='lat' dir='ltr'><strong>inquam,</strong></span> <span class='ocrx_word' id='word_1_343' title='bbox 330 3442 382 3480; x_wconf 92' lang='lat' dir='ltr'><strong>non</strong></span> <span class='ocrx_word' id='word_1_344' title='bbox 394 3430 576 3490; x_wconf 85' lang='lat' dir='ltr'><strong>consideravit;</strong></span> <span class='ocrx_word' id='word_1_345' title='bbox 587 3431 648 3481; x_wconf 79' lang='lat' dir='ltr'><strong>alias</strong></span> <span class='ocrx_word' id='word_1_346' title='bbox 663 3435 715 3494; x_wconf 85' lang='lat' dir='ltr'><strong>ipse</strong></span> <span class='ocrx_word' id='word_1_347' title='bbox 732 3434 794 3482; x_wconf 86' lang='lat' dir='ltr'><strong>civis</strong></span> <span class='ocrx_word' id='word_1_348' title='bbox 810 3445 947 3495; x_wconf 89' lang='lat' dir='ltr'><strong>romanus,</strong></span> <span class='ocrx_word' id='word_1_349' title='bbox 957 3434 1030 3486; x_wconf 86' lang='lat' dir='ltr'><strong>dives</strong></span> <span class='ocrx_word' id='word_1_350' title='bbox 1040 3474 1047 3498; x_wconf 94' lang='lat'><strong>,</strong></span> <span class='ocrx_word' id='word_1_351' title='bbox 1059 3437 1158 3496; x_wconf 86' lang='lat' dir='ltr'><strong>doctus,</strong></span> 
     </span>
     <span class='ocr_line' id='line_1_43' title="bbox 56 3497 1157 3569; baseline 0.012 -27"><span class='ocrx_word' id='word_1_352' title='bbox 56 3538 69 3547; x_wconf 72' lang='grc'><strong>,,</strong></span> <span class='ocrx_word' id='word_1_353' title='bbox 97 3500 127 3548; x_wconf 93' lang='lat' dir='ltr'><strong>ln</strong></span> <span class='ocrx_word' id='word_1_354' title='bbox 141 3497 194 3559; x_wconf 84' lang='lat' dir='ltr'><strong>lege</strong></span> <span class='ocrx_word' id='word_1_355' title='bbox 209 3499 345 3548; x_wconf 89' lang='lat' dir='ltr'><strong>instructus</strong></span> <span class='ocrx_word' id='word_1_356' title='bbox 358 3499 373 3547; x_wconf 79' lang='lat' dir='ltr'><strong>a</strong></span> <span class='ocrx_word' id='word_1_357' title='bbox 384 3497 519 3549; x_wconf 89' lang='lat' dir='ltr'><strong>Gamaliele</strong></span> <span class='ocrx_word' id='word_1_358' title='bbox 529 3534 536 3558; x_wconf 92' lang='lat'><strong>,</strong></span> <span class='ocrx_word' id='word_1_359' title='bbox 546 3498 636 3548; x_wconf 89' lang='lat' dir='ltr'><strong>etideo</strong></span> <span class='ocrx_word' id='word_1_360' title='bbox 651 3499 799 3550; x_wconf 87' lang='lat' dir='ltr'><strong>humanitus</strong></span> <span class='ocrx_word' id='word_1_361' title='bbox 815 3502 865 3551; x_wconf 89' lang='lat' dir='ltr'><strong>illis</strong></span> <span class='ocrx_word' id='word_1_362' title='bbox 874 3501 973 3553; x_wconf 90' lang='lat' dir='ltr'><strong>doctior</strong></span> <span class='ocrx_word' id='word_1_363' title='bbox 984 3506 1012 3554; x_wconf 93' lang='lat' dir='ltr'><strong>in</strong></span> <span class='ocrx_word' id='word_1_364' title='bbox 1021 3504 1157 3569; x_wconf 79' lang='lat' dir='ltr'><strong>legalibus,</strong></span> 
     </span>
     <span class='ocr_line' id='line_1_44' title="bbox 98 3566 399 3617; baseline 0.003 -1"><span class='ocrx_word' id='word_1_365' title='bbox 98 3577 141 3616; x_wconf 85' lang='lat' dir='ltr'><strong>ees</strong></span> <span class='ocrx_word' id='word_1_366' title='bbox 154 3580 206 3616; x_wconf 90' lang='lat' dir='ltr'><strong>non</strong></span> <span class='ocrx_word' id='word_1_367' title='bbox 223 3566 399 3617; x_wconf 86' lang='lat' dir='ltr'><strong>consuluisset.</strong></span> 
     </span>
    </p>

    <p class='ocr_par' dir='ltr' id='par_1_20' title="bbox 128 3633 1077 3701">
     <span class='ocr_line' id='line_1_45' title="bbox 128 3633 1077 3701; baseline 0.011 -18"><span class='ocrx_word' id='word_1_368' title='bbox 128 3633 213 3684; x_wconf 80' lang='lat' dir='ltr'><strong>Voluit</strong></span> <span class='ocrx_word' id='word_1_369' title='bbox 225 3636 240 3684; x_wconf 81' lang='lat' dir='ltr'><strong>a</strong></span> <span class='ocrx_word' id='word_1_370' title='bbox 251 3634 344 3685; x_wconf 87' lang='lat' dir='ltr'><strong>Galatis</strong></span> <span class='ocrx_word' id='word_1_371' title='bbox 354 3636 459 3697; x_wconf 85' lang='lat' dir='ltr'><strong>intelligi</strong></span> <span class='ocrx_word' id='word_1_372' title='bbox 470 3637 530 3697; x_wconf 83' lang='lat' dir='ltr'><strong>qnia</strong></span> <span class='ocrx_word' id='word_1_373' title='bbox 542 3640 567 3684; x_wconf 91' lang='lat' dir='ltr'><strong>et</strong></span> <span class='ocrx_word' id='word_1_374' title='bbox 577 3638 673 3698; x_wconf 90' lang='lat' dir='ltr'><strong>peritus</strong></span> <span class='ocrx_word' id='word_1_375' title='bbox 682 3638 731 3688; x_wconf 85' lang='lat' dir='ltr'><strong>tuit</strong></span> <span class='ocrx_word' id='word_1_376' title='bbox 744 3642 770 3688; x_wconf 90' lang='lat' dir='ltr'><strong>ln</strong></span> <span class='ocrx_word' id='word_1_377' title='bbox 783 3639 851 3701; x_wconf 80' lang='lat' dir='ltr'><strong>lege,</strong></span> <span class='ocrx_word' id='word_1_378' title='bbox 867 3642 904 3690; x_wconf 90' lang='lat' dir='ltr'><strong>ait</strong></span> <span class='ocrx_word' id='word_1_379' title='bbox 916 3642 1077 3694; x_wconf 79' lang='lat' dir='ltr'><strong>Ambrosius.</strong></span> 
     </span>
    </p>

    <p class='ocr_par' dir='ltr' id='par_1_21' title="bbox 97 3703 1156 3839">
     <span class='ocr_line' id='line_1_46' title="bbox 127 3703 1156 3772; baseline 0.012 -20"><span class='ocrx_word' id='word_1_380' title='bbox 127 3703 180 3753; x_wconf 86' lang='lat' dir='ltr'><strong>ileo</strong></span> <span class='ocrx_word' id='word_1_381' title='bbox 196 3709 281 3754; x_wconf 89' lang='lat' dir='ltr'><strong>autem</strong></span> <span class='ocrx_word' id='word_1_382' title='bbox 296 3717 348 3753; x_wconf 89' lang='lat' dir='ltr'><strong>non</strong></span> <span class='ocrx_word' id='word_1_383' title='bbox 361 3707 480 3754; x_wconf 83' lang='lat' dir='ltr'><strong>vanitatis</strong></span> <span class='ocrx_word' id='word_1_384' title='bbox 496 3707 589 3764; x_wconf 83' lang='lat' dir='ltr'><strong>causa,</strong></span> <span class='ocrx_word' id='word_1_385' title='bbox 606 3706 649 3754; x_wconf 91' lang='lat' dir='ltr'><strong>sed</strong></span> <span class='ocrx_word' id='word_1_386' title='bbox 665 3710 722 3767; x_wconf 87' lang='lat' dir='ltr'><strong>quia</strong></span> <span class='ocrx_word' id='word_1_387' title='bbox 735 3709 801 3769; x_wconf 89' lang='lat' dir='ltr'><strong>apud</strong></span> <span class='ocrx_word' id='word_1_388' title='bbox 818 3722 859 3757; x_wconf 90' lang='lat' dir='ltr'><strong>eos</strong></span> <span class='ocrx_word' id='word_1_389' title='bbox 875 3711 1039 3772; x_wconf 86' lang='lat' dir='ltr'><strong>premebatur</strong></span> <span class='ocrx_word' id='word_1_390' title='bbox 1052 3713 1156 3764; x_wconf 83' lang='lat' dir='ltr'><strong>aliorum</strong></span> 
     </span>
     <span class='ocr_line' id='line_1_47' title="bbox 97 3774 894 3839; baseline 0.005 -16"><span class='ocrx_word' id='word_1_391' title='bbox 97 3775 169 3836; x_wconf 81' lang='lat' dir='ltr'><strong>quasi</strong></span> <span class='ocrx_word' id='word_1_392' title='bbox 181 3775 366 3834; x_wconf 80' lang='lat' dir='ltr'><strong>iudalnmiinm</strong></span> <span class='ocrx_word' id='word_1_393' title='bbox 376 3776 524 3822; x_wconf 88' lang='lat' dir='ltr'><strong>auctoritate</strong></span> <span class='ocrx_word' id='word_1_394' title='bbox 536 3787 543 3820; x_wconf 69' lang='grc' dir='ltr'>ι</span> <span class='ocrx_word' id='word_1_395' title='bbox 554 3774 615 3824; x_wconf 90' lang='lat' dir='ltr'><strong>hinc</strong></span> <span class='ocrx_word' id='word_1_396' title='bbox 626 3789 679 3826; x_wconf 89' lang='lat' dir='ltr'><strong>sese</strong></span> <span class='ocrx_word' id='word_1_397' title='bbox 692 3779 802 3827; x_wconf 80' lang='lat' dir='ltr'><strong>modesto</strong></span> <span class='ocrx_word' id='word_1_398' title='bbox 812 3780 894 3839; x_wconf 78' lang='lat' dir='ltr'><strong>erigii.</strong></span> 
     </span>
    </p>

    <p class='ocr_par' dir='ltr' id='par_1_22' title="bbox 98 3841 1155 3982">
     <span class='ocr_line' id='line_1_48' title="bbox 127 3841 1155 3909; baseline 0.014 -18"><span class='ocrx_word' id='word_1_399' title='bbox 127 3842 175 3892; x_wconf 88' lang='lat' dir='ltr'><strong>Sed</strong></span> <span class='ocrx_word' id='word_1_400' title='bbox 192 3843 360 3892; x_wconf 86' lang='lat' dir='ltr'><strong>consideravit</strong></span> <span class='ocrx_word' id='word_1_401' title='bbox 370 3842 430 3903; x_wconf 81' lang='lat' dir='ltr'><strong>quid</strong></span> <span class='ocrx_word' id='word_1_402' title='bbox 445 3842 473 3889; x_wconf 91' lang='lat' dir='ltr'><strong>in</strong></span> <span class='ocrx_word' id='word_1_403' title='bbox 487 3841 614 3904; x_wconf 85' lang='lat' dir='ltr'><strong>Ecclesia,</strong></span> <span class='ocrx_word' id='word_1_404' title='bbox 626 3858 670 3907; x_wconf 89' lang='lat' dir='ltr'><strong>per</strong></span> <span class='ocrx_word' id='word_1_405' title='bbox 688 3846 730 3895; x_wconf 88' lang='lat' dir='ltr'><strong>Del</strong></span> <span class='ocrx_word' id='word_1_406' title='bbox 741 3848 847 3908; x_wconf 82' lang='lat' dir='ltr'><strong>gratiam</strong></span> <span class='ocrx_word' id='word_1_407' title='bbox 864 3851 964 3909; x_wconf 87' lang='lat' dir='ltr'><strong>essent,</strong></span> <span class='ocrx_word' id='word_1_408' title='bbox 976 3853 1102 3903; x_wconf 88' lang='lat' dir='ltr'><strong>nimirum</strong></span> <span class='ocrx_word' id='word_1_409' title='bbox 1115 3863 1155 3903; x_wconf 76' lang='lat' dir='ltr'><strong>ee·</strong></span> 
     </span>
     <span class='ocr_line' id='line_1_49' title="bbox 98 3908 1154 3982; baseline 0.011 -24"><span class='ocrx_word' id='word_1_410' title='bbox 98 3908 206 3973; x_wconf 85' lang='lat' dir='ltr'><strong>lamna,</strong></span> <span class='ocrx_word' id='word_1_411' title='bbox 217 3911 274 3963; x_wconf 87' lang='lat' dir='ltr'><strong>allis</strong></span> <span class='ocrx_word' id='word_1_412' title='bbox 287 3911 478 3971; x_wconf 86' lang='lat' dir='ltr'><strong>eminentiores,</strong></span> <span class='ocrx_word' id='word_1_413' title='bbox 489 3909 551 3961; x_wconf 86' lang='lat' dir='ltr'><strong>alios</strong></span> <span class='ocrx_word' id='word_1_414' title='bbox 566 3914 613 3963; x_wconf 84' lang='lat' dir='ltr'><strong>sua</strong></span> <span class='ocrx_word' id='word_1_415' title='bbox 631 3914 750 3966; x_wconf 83' lang='lat' dir='ltr'><strong>firmitate</strong></span> <span class='ocrx_word' id='word_1_416' title='bbox 768 3920 953 3982; x_wconf 66' lang='lat' dir='ltr'><strong>sustentantes,</strong></span> <span class='ocrx_word' id='word_1_417' title='bbox 964 3923 991 3970; x_wconf 91' lang='lat' dir='ltr'><strong>et</strong></span> <span class='ocrx_word' id='word_1_418' title='bbox 1001 3921 1051 3974; x_wconf 85' lang='lat' dir='ltr'><strong>boc</strong></span> <span class='ocrx_word' id='word_1_419' title='bbox 1066 3924 1093 3973; x_wconf 91' lang='lat' dir='ltr'><strong>lu</strong></span> <span class='ocrx_word' id='word_1_420' title='bbox 1108 3911 1154 3979; x_wconf 83' lang='lat' dir='ltr'><strong>illis</strong></span> 
     </span>
    </p>
   </div>
   <div class='ocr_carea' id='block_1_10' title="bbox 0 0 1260 4424">
    <p class='ocr_par' dir='ltr' id='par_1_23' title="bbox 0 0 1260 4424">
     <span class='ocr_line' id='line_1_50' title="bbox 0 0 1260 4424; baseline 0 1"><span class='ocrx_word' id='word_1_421' title='bbox 0 0 1260 4424; x_wconf 95' lang='lat' dir='ltr'><strong> </strong></span> 
     </span>
    </p>
   </div>
  </div>
 </body>
</html>
