2512 4424
157 241 191 292 rr
233 204 235 208 ’
319 237 504 291 snonnnn
523 235 729 289 rrrsrorn
749 235 795 286 ro
813 227 1052 288 eoarnrnros

185 333 231 382 Ore
242 331 320 381 libero
333 336 358 381 et
365 333 460 393 patenti
474 331 561 390 ,vobis
571 367 578 390 ,
590 328 605 378 ὀ
619 328 751 379 Corinthii!
809 332 855 382 ii.
877 329 914 382 Os
934 331 1062 379 nostrum
1084 326 1162 390 patet
1178 319 1213 375 ad

155 400 256 462 loquor3
268 401 326 462 quia
342 413 385 448 eor
402 402 518 448 nostrum
536 410 593 460 erga
604 410 648 448 vos
666 396 754 447 dilata·
775 419 834 469 vos,
844 400 1074 458 acorinthiileor
1087 405 1214 454 nostrum

155 473 210 519 tum
222 473 247 517 et
262 481 399 531 expansum
413 471 459 516 est.
776 483 920 535 dilatatum
929 486 981 534 esp,

185 569 217 617 Et
236 570 294 629 quia
315 580 358 618 eor
376 571 492 617 nostrum
513 568 539 615 in
553 578 598 614 sos
618 564 752 613 dilatatum
809 563 854 611 42.
873 561 934 610 Non
961 552 1159 623 angustiamini
1184 552 1211 608 in

155 639 193 685 est
203 672 209 695 ,
221 634 282 684 hine
293 649 345 685 non
361 634 549 697 exiguumne
566 634 705 697 spatiosum
724 635 751 681 in
777 638 875 701 nohjs;

155 705 228 752 nobis
237 703 320 753 lorum
333 705 473 767 possidetis.
1148 760 1156 776 .

185 771 205 821 Ε
217 777 304 821 eontra
316 785 358 821 eor
366 777 478 822 vestrum
490 784 547 834 erga
559 773 750 831 perangustum
775 765 976 834 angustiamini
987 769 1080 818 autem
1091 762 1120 815 lu
1132 775 1211 815 visee-

156 842 207 898 est,
219 839 274 887 ideo
284 843 309 889 et
324 840 405 890 vester
417 852 474 902 erga
486 852 532 889 nos
547 840 653 889 allectus
665 842 702 886 est
714 842 752 886 te·
774 844 852 897 ribus
861 840 966 894 vestris,

155 919 222 955 nors.

184 1082 241 1133 llaee
258 1086 297 1133 est
311 1083 462 1144 evangeliea
480 1083 635 1144 paupertatis
652 1083 829 1144 prerogativa,
841 1076 906 1129 nibil
925 1076 1032 1136 habere,
1047 1073 1115 1124 albii
1134 1071 1211 1134 velia,

155 1152 239 1199 omnia
250 1155 410 1199 contemnere
422 1154 523 1211 propter
538 1149 676 1198 Christum.

184 1219 216 1268 iit
230 1220 257 1268 in
269 1220 369 1269 Christo
381 1222 468 1268 omnia
481 1220 616 1280 possidere.

184 1291 284 1350 Prime,
296 1303 341 1353 per
352 1292 500 1340 interiorem
511 1292 594 1342 cordis
604 1288 865 1352 magnitudinem,ait
873 1286 903 1335 ll.
917 1285 1025 1335 'lbomas
1037 1302 1044 1334 r
1056 1283 1108 1347 qua
1119 1283 1212 1336 seilleet

155 1361 313 1422 evangelicus
326 1372 421 1422 pauper
441 1360 559 1409 omnibus
571 1362 677 1410 terrenis
698 1361 778 1419 major
794 1360 819 1407 et
837 1358 951 1419 superior
969 1356 1085 1425 omnium
1098 1355 1158 1404 vere
1168 1355 1212 1405 do-

154 1433 241 1480 minus
257 1435 303 1479 est.

184 1497 300 1548 Secunde
312 1535 319 1558 ,
333 1510 377 1560 per
391 1498 504 1548 diuinam
525 1500 790 1562 providentiamque
806 1495 979 1559 centuplumd
994 1495 1094 1546 Christo
1104 1496 1212 1558 promis-

154 1580 227 1626 sum,
241 1567 346 1628 pauperi
365 1567 508 1628 evangelieo
524 1568 700 1631 suppeditans,
718 1569 801 1628 ipsum
816 1566 899 1627 quoad
917 1578 992 1614 usum
1007 1564 1067 1614 iacit
1080 1564 1211 1625 ditiorem,

154 1636 230 1697 quem
246 1637 267 1684 si
279 1638 364 1686 omnia
379 1649 424 1686 sna
435 1637 586 1698 possideret,
600 1639 651 1688 imo
662 1642 687 1686 et
700 1639 769 1687 intus
780 1637 840 1686 laoit
852 1635 997 1685 hilariorem
1009 1637 1034 1683 et
1043 1634 1210 1697 pacatiorem,

154 1705 262 1765 quamsi
274 1705 360 1755 revere
378 1708 463 1755 omnia
474 1708 578 1755 omnino
592 1706 737 1770 possideret.

183 1773 235 1823 lloe
245 1773 417 1835 experiebatur
428 1776 605 1836 pauperrimus
615 1775 765 1824 Francisens
776 1773 835 1823 eum
844 1776 932 1823 noctes
943 1775 1051 1835 integras
1064 1775 1209 1833 insumeret,

153 1841 288 1905 repetendo
300 1845 324 1890 et
336 1842 443 1891 interids
454 1842 577 1904 gustando
589 1861 596 1893 ε
607 1842 673 1893 Deus
690 1847 714 1892 et
728 1845 829 1902 omnia,
840 1842 905 1891 lieus
921 1854 993 1890 mens
1006 1845 1031 1891 et
1040 1845 1138 1892 omnia.

183 1911 264 1961 Deum
277 1913 360 1975 ipsum
370 1948 378 1972 ,
390 1924 465 1961 omne
478 1913 588 1974 bonnm,
600 1916 626 1962 et
638 1915 754 1963 omnium
765 1926 851 1962 rernm
864 1912 1016 1973 Dominum,
1030 1911 1183 1974 possidebat.

95 2016 98 2026 ¹
184 1999 343 2050 Ossravrrro
358 2013 517 2051 nonanis-
527 2001 585 2050 llaee
599 2003 685 2051 emnia
705 2001 847 2063 supradicta
863 2000 894 2049 de
912 2013 951 2061 se,
967 2000 1070 2060 suisque
1088 2000 1209 2051 slmillbus

154 2070 252 2120 loeutus
264 2074 301 2119 est
314 2070 461 2131 Apostolus,
473 2073 502 2118 nt
518 2082 605 2120 omnes
618 2069 703 2120 fideles
716 2070 748 2120 ad
759 2083 789 2120 ea
803 2070 949 2130 toleranda,
959 2067 1000 2120 vel
1011 2069 1108 2131 agenda
1124 2069 1209 2121 erbor-

112 2151 113 2155 ’
153 2139 323 2199 tetur,aitli.
336 2138 479 2187 anselmus.

183 2209 216 2258 nt
235 2210 373 2270 prasertim
392 2213 421 2256 ut
438 2208 499 2257 viris
520 2206 670 2269 evangelicis
690 2206 831 2269 apostoliea
848 2209 906 2258 vita
925 2220 1041 2257 normam
1060 2209 1170 2272 praebeat
1187 2214 1210 2259 et

154 2277 288 2339 exemplar.

184 2347 239 2396 Sint
256 2345 366 2395 multum
390 2346 513 2408 patientes
529 2346 556 2394 ln
571 2343 791 2407 tribulationibus,
805 2359 832 2395 n.
848 2347 871 2395 t.
883 2348 934 2396 sint
953 2349 1070 2397 omnium
1087 2346 1208 2409 cultores,

153 2417 229 2475 easti,
244 2415 361 2476 benigni,
373 2429 399 2464 n.
412 2419 436 2465 6.
453 2415 590 2477 predicent
605 2413 717 2475 sineere,
730 2414 774 2463 liei
788 2417 882 2464 virtute
899 2414 955 2464 freti
991 2430 1019 2466 n.
1032 2421 1057 2467 7.

183 2485 267 2533 Armis
281 2486 386 2544 institiae
396 2484 458 2532 hino
472 2487 497 2533 et
513 2483 575 2534 hine
590 2485 741 2544 cingantur,
753 2484 845 2544 qulbus
859 2453 974 2545 pugneni
987 2489 1012 2534 et
1026 2488 1133 2538 vineant
1145 2492 1170 2538 et
1183 2490 1207 2538 ln

153 2555 277 2616 prosperis
293 2556 318 2601 et
333 2555 359 2601 in
371 2552 481 2602 adversis
492 2572 500 2613 i
511 2553 605 2614 lieique
618 2565 722 2614 regnum
743 2555 770 2601 in
789 2553 907 2603 omnlbus
920 2557 945 2602 et
956 2566 1001 2617 per
1012 2558 1098 2606 omnia
1109 2569 1207 2622 promo-

152 2625 237 2670 veant.
249 2635 275 2671 n.
286 2626 311 2671 7.
321 2626 345 2682 8,
360 2625 408 2671 ete.
422 2621 523 2672 Talibus
532 2635 559 2672 se
569 2622 614 2672 Del
624 2623 753 2671 ministros
764 2621 927 2672 exhibebunt.

183 2714 221 2759 ii.
237 2710 270 2760 Or
280 2715 470 2772 nostrumpotet
482 2711 516 2760 od
535 2724 588 2760 vos.

181 2783 256 2833 Facta
269 2787 458 2833 enumeratione
471 2784 597 2834 malornm
610 2796 666 2846 qna
681 2787 709 2834 in
725 2797 770 2834 suo
782 2783 856 2846 legati
867 2797 973 2834 munere
988 2788 1130 2849 peragendo
1144 2791 1207 2853 patl-

152 2856 209 2912 tur,
229 2854 254 2900 et
272 2853 397 2901 bonorum
408 2854 504 2912 quain
519 2852 606 2901 eadem
626 2852 757 2902 iunctione
773 2857 885 2913 exercet,
899 2853 1042 2905 Corinthios
1057 2857 1208 2922 alloquitur,

150 2933 204 2970 sese
213 2920 280 2984 apud
292 2933 334 2969 eos
344 2925 508 2970 excusaturus
518 2921 549 2969 de
557 2920 606 2970 hae
617 2934 663 2970 sua
671 2921 787 2983 loquendi
796 2925 821 2970 et
830 2934 873 2971 eor
883 2935 959 2971 suum
968 2925 1097 2987 aperiendi
1107 2927 1207 2980 ilduela.

183 2996 216 3045 Or
226 3001 340 3044 nostram
343 3027 390 3042 .....
395 3028 411 3042 „
425 2993 510 3057 aperte
524 2997 549 3043 et
563 2993 639 3045 libere
648 2996 719 3046 vobis
730 2995 817 3057 loquor
832 3015 838 3046 r
853 2999 913 3059 qnia
927 2997 1023 3048 seilicet
1036 3012 1080 3050 eor
1095 2991 1207 3054 nostrum

151 3075 209 3124 erga
222 3074 268 3112 vos
279 3074 417 3123 expansum
431 3065 504 3112 estet
516 3063 664 3125 dilatatum,
676 3068 746 3127 quasi
761 3066 855 3114 diceret
869 3084 875 3114 r
1090 3119 1094 3124 ,

180 3130 243 3192 Quia
255 3143 301 3180 ros
311 3131 486 3181 ardentissime
501 3133 593 3194 diligo,
615 3135 671 3183 ideo
687 3139 712 3184 et
722 3135 793 3184 robis
807 3135 965 3198 apertissime
980 3135 1089 3199 loquore
1104 3153 1150 3192 seu
1159 3177 1170 3203 ,
1180 3143 1207 3191 ut

150 3211 207 3264 eap.
221 3203 246 3260 i,
261 3212 287 3249 n.
303 3200 326 3249 t.
341 3199 416 3250 dicet.
431 3202 511 3252 liutto
524 3203 588 3252 milri
598 3204 704 3266 fidncia.

182 3289 220 3337 12.
231 3289 285 3338 Non
294 3289 506 3350 oopnrtiomior'...
515 3290 564 3341 boe
575 3293 688 3352 sequitur
700 3305 730 3341 ex
739 3292 852 3355 proxime
863 3293 937 3344 dietis
949 3312 955 3342 ι
967 3295 1028 3355 quia
1039 3308 1083 3345 eor
1093 3302 1207 3349 nostrum

150 3355 283 3408 dilatatum
295 3363 331 3407 est
338 3378 345 3418 ;
358 3359 413 3408 ideo
425 3373 477 3409 non
493 3363 626 3422 exiguum,
637 3361 680 3410 sed
694 3365 832 3424 spatiosum
842 3362 927 3414 losum
940 3364 1038 3414 habetis
1052 3368 1079 3415 in
1095 3369 1178 3419 nobis.

180 3425 301 3543 Lt⁰i¹¹m¹¹
320 3426 350 3476 de
371 3428 547 3493 eorde,quasi
570 3430 601 3479 de
619 3428 769 3480 domicilioz
786 3432 894 3494 spatiose
912 3432 1031 3483 habitatis
1047 3435 1076 3484 in
1091 3429 1209 3488 eo'rdibm

149 3506 195 3545 uos
205 3508 250 3545 rrs.

178 3570 365 3631 lopuriiomioi
375 3576 459 3621 eutem
473 3572 503 3621 in
517 3572 654 3622 ancoisne
665 3574 766 3632 vestris,
779 3573 805 3623 id
817 3577 871 3635 est,
883 3577 911 3625 ln
924 3576 1101 3629 cordavestro.

179 3637 298 3688 amanter
309 3639 423 3700 objurgat
443 3652 498 3699 eos,
512 3641 579 3701 qued
592 3654 644 3690 non
657 3644 691 3690 ita
707 3642 838 3691 redament
855 3655 928 3704 eum,
942 3648 1014 3707 quasi
1033 3647 1129 3698 diceret
1141 3668 1147 3699 ι
1160 3650 1221 3704 Gor.

148 3709 260 3757 restrum
270 3712 406 3768 angustum
416 3710 453 3757 est
464 3719 522 3768 erga
535 3720 582 3757 nos
593 3745 600 3768 ,
612 3712 637 3758 et
649 3723 701 3759 non
715 3709 847 3761 dilatatum
857 3712 929 3762 rideo
940 3726 993 3763 non
1003 3717 1154 3780 spatiosum,
1165 3718 1208 3769 sed

148 3776 265 3837 exiguum
278 3775 363 3825 locum
374 3775 497 3824 habemus
507 3776 535 3824 in
547 3789 592 3836 eo,
604 3789 648 3826 seu
663 3781 748 3829 tenuis
763 3785 800 3828 est
809 3785 891 3830 vester
902 3780 1008 3831 allectus
1020 3785 1046 3832 in
1058 3797 1114 3835 nos.

177 3845 232 3894 Non
244 3848 282 3894 est
293 3845 323 3894 de
339 3844 414 3894 corde
426 3850 527 3910 vestro,
539 3848 605 3898 sieut
619 3847 650 3899 de
665 3852 750 3899 nostro
760 3869 769 3911 ς
781 3861 828 3901 nee
847 3850 878 3901 (le
893 3855 975 3902 restro
986 3853 1014 3901 in
1029 3865 1077 3904 nos
1093 3855 1205 3917 affeetu,

148 3914 214 3963 sient
230 3912 356 3967 dorostro
372 3915 400 3964 ln
413 3924 467 3968 voa.
1111 3948 1126 3961 ι
