2512 4424
288 296 460 348 intenuit
478 295 700 349 Expostulo.
719 295 801 348 cai).
821 297 878 348 ΙΙΙ.
1069 299 1119 350 att

55 395 84 443 et
99 389 128 442 in
141 387 249 444 Christo
261 392 327 446 lesu
337 432 344 455 ‚
356 392 384 444 in
401 406 499 445 omnes
522 388 597 439 alesia
609 386 686 439 tantis
696 388 825 439 beneflciis
838 387 926 438 aiiectd
936 399 981 450 per
992 389 1121 442 christum

54 469 251 534 generationes
281 469 367 524 genulfi
392 471 500 523 seculo.
521 460 609 509 Jesum
620 458 786 509 mediatorem
796 461 922 508 nostrum.
930 457 1020 507 Amen.

56 560 130 598 rum.
145 549 245 601 Amen.

86 721 119 770 Et
136 733 195 770 eaeo
211 734 299 770 rursus
319 724 417 784 praxim
438 721 496 771 vero
518 722 696 784 christianam,
712 724 771 773 rere
793 724 843 773 lieo
863 724 980 785 dignam,
997 727 1071 774 toties
1088 725 1120 774 ab

55 790 174 854 Apostolo
189 791 305 840 edoctam
316 793 369 842 eta
385 793 459 842 nobis
475 796 631 842 annotatam.
647 793 738 843 Omnia
756 796 784 843 in
803 793 919 852 Christo,
934 806 978 857 per
992 794 1120 845 Christum

55 864 152 909 etcum
166 859 376 923 Chrislopieiatis
391 861 472 911 cilicia
488 871 602 911 exercere
611 897 619 923 ,
628 863 656 912 lu
671 864 726 926 ipso
736 862 816 913 ileum
830 861 947 923 hadasa,
963 863 1013 914 ileo
1028 866 1121 926 gratias

56 939 148 990 agere,
163 932 212 978 eto.

85 996 152 1046 ilinc
162 996 274 1047 Ecclesla
285 999 369 1047 omnia
378 1009 423 1059 per
435 997 571 1048 {lominum
587 1003 702 1050 nostrum
713 999 799 1050 lesum
813 999 952 1050 Christum.
964 1000 1022 1051 llaeo
1037 1004 1121 1063 pratis

56 1066 172 1117 videatur
186 1069 214 1116 ln
229 1080 285 1130 cap.
298 1070 326 1127 t,
338 1067 416 1128 huius
428 1068 538 1130 epistola
551 1072 609 1131 post
621 1083 649 1119 n.
661 1073 706 1130 18,
721 1073 747 1120 et
759 1069 877 1120 insitis-in
891 1069 995 1133 epistola
1005 1070 1038 1119 ad
1046 1071 1120 1121 Rom.

57 1149 112 1199 cap.
127 1139 176 1197 18,
191 1138 220 1186 tn
230 1136 379 1195 corollario,
391 1141 416 1187 et
427 1140 499 1200 ontst.
512 1137 546 1187 ad
560 1137 635 1187 liobr.
651 1151 706 1202 cap.
718 1143 750 1199 8,
762 1143 789 1190 et
799 1152 854 1202 cap.
870 1142 914 1200 18,
928 1141 957 1189 in
972 1139 1119 1190 corollartla.

59 1243 231 1296 corollarium
241 1244 409 1307 nlontlmett
423 1245 451 1293 io
469 1244 514 1294 loc
528 1246 609 1308 eapite
621 1249 649 1307 8,
662 1248 697 1297 ad
709 1247 827 1310 1111181111
841 1245 950 1296 monime
961 1248 1086 1307 cotanda,
1097 1253 1120 1297 et

420 1307 454 1356 od
464 1307 569 1368 praelm
581 1309 726 1371 redigendo.

85 1406 247 1458 Petro-A
262 1407 321 1458 divo
335 1407 430 1469 Paulo,
442 1412 468 1458 et
479 1407 511 1458 ab
524 1406 580 1458 aliis
593 1407 717 1472 Apostolis
731 1408 859 1460 discamm
875 1411 903 1459 in
921 1409 1078 1473 passionibus
1094 1413 1120 1459 ct

57 1479 84 1526 in
96 1477 211 1528 vineolis
223 1477 340 1539 gloriari,
354 1493 381 1528 n.
396 1482 421 1528 8.

86 1546 159 1596 itane
178 1545 351 1609 gloriationem
370 1546 440 1596 dabit
458 1546 530 1596 nobis
547 1547 609 1598 tides
624 1549 697 1606 viva,
710 1549 732 1597 si
747 1548 805 1598 roro
816 1547 951 1598 credamus
967 1548 1044 1610 hujus
1061 1551 1120 1599 rita

57 1619 187 1679 passiones
200 1629 254 1666 esse
271 1619 370 1666 aeternn
384 1616 469 1685 gloria
483 1618 608 1679 principia
623 1623 648 1666 et
663 1618 735 1679 quasi
751 1616 858 1666 radices.

86 1686 141 1746 Quo
154 1685 213 1748 plus
222 1698 268 1748 pro
278 1685 377 1736 Christo
387 1687 531 1748 patiemur,
542 1689 568 1735 et
578 1685 727 1748 protenditis
738 1684 930 1735 humiliabimur
939 1721 946 1745 ‚
955 1696 984 1734 eo
997 1682 1120 1732 feliciores

58 1758 82 1803 et
93 1754 254 1816 gloriosiores
265 1755 292 1804 in
305 1757 428 1804 aternum
444 1752 693 1804 annuntiatae.
706 1757 730 1802 et
745 1753 945 1803 observationem
958 1751 1088 1801 moralem.

87 1835 298 1887 secunao-Ab
313 1836 402 1886 eodem
417 1833 534 1899 Apostolo
545 1848 573 1885 n.
585 1836 600 1884 8
611 1838 636 1884 et
646 1837 675 1894 8,
689 1833 815 1884 diseams
826 1833 951 1896 qnantum
966 1832 1016 1882 ilco
1028 1833 1120 1882 debea-

58 1918 130 1966 mus,
142 1917 189 1967 per
201 1907 274 1965 cnjus
283 1907 390 1966 gratiam
400 1904 474 1954 nohis
484 1904 601 1954 omnibus
610 1903 758 1953 Christianis
769 1905 851 1964 mator
864 1903 922 1952 data
935 1904 973 1950 est
987 1903 1120 1963 mysterio·

58 1986 114 2023 rum
129 1973 176 2022 liei
189 1975 312 2035 cognitio,
321 1974 399 2036 qnam
410 1974 471 2035 ipsis
483 1974 560 2022 ctiam
570 1971 699 2035 prophetis
707 1973 799 2021 velens
812 1971 973 2021 testamenti.

86 2043 123 2093 Ob
134 2043 204 2092 hanc
216 2044 323 2104 notiam
338 2042 418 2093 Βοιιιιι
430 2041 578 2102 laudemus,
591 2053 723 2101 amemm,
741 2040 920 2102 glottiicemus.

85 2113 137 2164 iiic
150 2113 242 2172 maiori
256 2113 434 2175 mysteriorum
445 2113 587 2174 cognitione
602 2111 636 2161 ad
652 2111 696 2161 liei
712 2111 868 2160 voluntatem
883 2108 1019 2173 perfectius
1037 2107 1120 2157 adim·

58 2181 177 2244 alendam
187 2184 291 2242 utamur
298 2201 306 2241 ;
318 2180 380 2230 alita
396 2181 477 2241 maior
489 2184 575 2230 nostra
585 2182 695 2242 cognitio
705 2216 712 2240 ‚
724 2181 773 2229 erit
786 2182 867 2241 major
882 2183 967 2229 nostra
981 2177 1119 2227 damnatio.

87 2258 184 2307 Sarnus
199 2256 276 2306 adora
286 2255 439 2305 volunlatem
456 2255 559 2305 Domini
578 2256 637 2314 rol,
651 2260 674 2304 et
686 2268 736 2304 ooo
750 2255 858 2318 ιάιὶιιιι,
873 2253 1008 2316 vapulabit
1022 2249 1118 2298 multis.

86 2338 361 2390 Tnario-llircmur
375 2337 551 2388 admirandam
566 2337 627 2388 sane
642 2337 694 2387 diri
709 2337 780 2388 Pauli
793 2338 824 2387 de
840 2350 867 2387 so
881 2335 1007 2398 loquentis
1022 2332 1120 2382 modes·

60 2413 136 2470 tiarn;
148 2414 176 2459 at
187 2411 316 2459 imitemur
329 2410 463 2468 virtutem,
476 2409 546 2457 omni
559 2408 662 2469 quidem
673 2406 830 2467 donatiano,
840 2405 967 2469 precipue
977 2414 1038 2452 vero
1050 2402 1120 2449 omni

59 2477 178 2528 Ecclesia
192 2478 310 2526 ministro
325 2477 501 2526 necessariam.
516 2475 570 2537 Quo
585 2475 642 2536 quta
657 2485 703 2524 suo
722 2475 864 2524 ministerio
877 2471 1024 2528 sublimlor,
1041 2480 1071 2517 eo
1087 2470 1120 2516 sit

59 2547 203 2599 bumilitate
216 2546 328 2596 interior.
339 2545 401 2596 Vide
412 2558 439 2595 n.
451 2549 476 2596 8.
1190 2595 1194 2602 ,

86 2614 365 2678 dataro-traieci,
381 2619 509 2678 pastores,
524 2612 654 2672 decutet,
667 2616 856 2663 concionatores
871 2609 928 2660 ao.
944 2604 1022 2655 Paulo
1032 2639 1039 2663 2
1051 2617 1078 2652 1¹·
1090 2607 1119 2663 99

59 2685 158 2736 discam
172 2683 247 2746 qualo
261 2685 294 2734 sit
309 2683 445 2744 evangelici
460 2684 595 2731 ministerii
606 2695 717 2742 munus,
731 2686 757 2731 et
769 2681 802 2730 ad
814 2680 876 2741 quid
888 2677 1028 2726 ordinetur.

85 2753 273 2816 Evangelizorc
282 2752 465 2814 incognitio
473 2752 576 2801 divitiae
586 2751 687 2808 Giricti,
697 2763 725 2799 n.
734 2753 758 2799 8.
768 2755 790 2799 et
799 2749 947 2798 illuminare
956 2751 1086 2797 amoena.
1094 2742 1119 2787 8.

86 2822 227 2873 inondant
239 2821 365 2882 quomodo
383 2819 446 2870 iilud
460 2819 565 2869 obeunt.

86 2889 371 2954 ortano-litamus
382 2901 470 2939 omnes
483 2901 551 2939 exn.
568 2892 615 2949 18,
631 2892 675 2948 17,
697 2890 795 2948 18,18,
808 2883 870 2947 qaid
888 2877 1120 2931 debeamusanimo
1150 2893 1153 2899 ¹

58 2961 148 3023 iugiter
159 2971 384 3021 rersaro,semner
397 2957 632 3021 unsverandans
642 2962 736 3020 petere.
950 3017 956 3028 ⁹

87 3029 189 3080 Scilicet
196 3030 291 3078 viram
301 3027 463 3078 concionari
476 3040 522 3090 per
536 3027 662 3088 Spiritum
673 3026 720 3074 Dei
729 3024 873 3073 tumorem
886 3019 1025 3071 lomtnemi
1039 3025 1066 3061 1¹·
1081 3014 1121 3060 ¹⁶·

91 3098 220 3149 Christum
237 3095 353 3145 habitare
369 3110 414 3159 per
431 3097 507 3160 tidem
522 3097 550 3144 io
566 3094 684 3144 cordibus
697 3093 798 3142 matria.

89 3168 121 3218 In
134 3167 259 3217 charitate
268 3165 379 3214 radicati
389 3172 411 3215 et
421 3165 535 3228 fundati,
548 3178 575 3213 u.
594 3167 631 3212 17.

92 3238 122 3286 111
131 3236 259 3299 possimus
271 3234 486 3294 comprehendere,
499 3239 543 3282 etc.
555 3245 583 3282 u.
598 3235 635 3281 18.

90 3306 161 3355 Scire
173 3307 251 3353 ettam
259 3303 477 3361 mpereoineotem
487 3300 594 3352 scisma
604 3296 753 3348 claritatem
768 3291 876 3349 coristi,
886 3292 916 3338 ct
930 3282 1084 3347 impleam
1095 3283 1123 3332 tn

63 3386 162 3424 omnem
176 3371 356 3436 penitudinem
370 3371 429 3431 liei,
442 3383 469 3422 n.
487 3373 526 3424 to.
754 3369 757 3374 '
