2512 4424
110 268 166 323 212
366 316 368 321 .
410 271 612 326 EPISTOLAE
630 273 679 325 Ab
696 265 878 325 GALATAS

112 365 166 424 cias
176 363 290 415 absoluta
307 367 441 427 promissio
451 366 525 416 dama
536 370 600 426 erit,
617 365 713 416 stabilis

112 435 138 481 ct
150 435 258 491 aeterna3
272 434 337 483 sicut
352 433 418 484 Deus
436 437 490 497 lpse
506 440 531 486 ct
547 436 656 486 Verbum
669 435 711 484 liei

112 497 188 547 stabit
203 500 229 547 ln
243 503 367 550 aeternum
379 519 385 550 ι
399 501 460 551 binc
474 504 501 551 ln
514 502 613 551 cbristo
626 506 651 550 ct
669 514 713 562 per

111 563 188 681 lldlem
199 567 228 614 ln
248 565 390 628 Christum,
408 580 506 631 semper
519 571 567 618 crit
577 569 712 630 querenda

112 647 191 684 saus.

143 700 169 752 St
188 700 227 751 lex
240 706 341 765 propter
352 705 563 765 transgressiones
579 704 712 755 declaran-
768 709 813 758 21.
827 708 881 758 Lex
893 717 960 772 ergo
971 698 1173 768 adversdspro-

113 769 174 830 das,
188 772 329 832 arguendas
349 776 375 820 et
393 771 544 822 coercendas
557 774 638 833 posito
655 777 710 832 est,
735 785 819 837 missa
835 782 905 836 peis

114 849 172 902 ergo
181 841 235 902 ipsa
245 839 305 890 tacit
315 840 383 902 quod
397 841 463 890 Deus
479 855 506 891 se
518 841 644 890 iacturum
655 854 712 903 pro·

143 1020 201 1072 lloec
212 1022 352 1073 obscuritas
363 1028 431 1085 patet
439 1027 536 1074 textum
547 1024 655 1086 legent13
666 1025 710 1076 sed
723 1029 749 1075 et
760 1025 841 1087 magis
852 1025 947 1087 patebit
960 1026 1046 1073 raras
1058 1024 1174 1084 interpra-

115 1095 170 1140 tum
186 1094 317 1155 opiniones
327 1093 494 1142 examinanti.

144 1179 266 1229 llorrror
278 1190 311 1227 ro
323 1181 607 1230 innumerarum-ln
619 1180 669 1229 bac
680 1181 846 1241 obscuritate,
858 1182 914 1241 post
925 1176 1019 1227 multas
1033 1175 1175 1225 rellexlones

115 1252 141 1298 et
164 1251 248 1298 varias
273 1250 387 1296 veritatis
414 1248 526 1308 undique
551 1247 742 1309 indagationes,
768 1247 1001 1310 probabilissimum
1025 1249 1088 1307 puto
1114 1241 1175 1304 quod

114 1315 144 1367 Ι).
160 1316 267 1375 Paulus,
280 1319 435 1366 enumeratis
453 1317 566 1366 tiosaica
583 1317 645 1378 legis
661 1317 894 1378 singularitatlbus,
909 1319 934 1364 et
953 1314 1134 1365 subintellectis
1150 1314 1173 1362 lu

113 1392 199 1437 mente
210 1387 382 1448 promissionis
394 1384 425 1434 de
438 1385 553 1444 cbristo,
562 1385 639 1434 alico
650 1384 722 1436 lactas
733 1385 892 1446 Abrabamo,
900 1383 1121 1434 excellentioribus
1131 1383 1175 1433 slu-

115 1454 390 1584 ὅηέῗιιῐιὶιωιξὶιιῗευιῦἱιιιιιιιι
386 1521 488 1572 tantrlm
505 1521 598 1571 barum
610 1523 784 1583 promissionis
804 1521 896 1571 dirlnae
914 1520 1120 1581 singularitatum
1136 1531 1174 1568 ex·

115 1590 200 1654 presse
220 1593 349 1651 nominat,
366 1591 434 1640 undo
455 1589 585 1641 concludit
604 1591 682 1652 bajus
702 1592 876 1656 promissionis
893 1589 996 1640 firmam
1016 1586 1174 1640 immutabili·

116 1663 193 1709 tatem
203 1698 209 1720 ,
220 1664 244 1709 et
256 1672 331 1723 supra
345 1659 423 1722 legem
432 1660 636 1723 precellentium.

147 1730 197 1780 Lex
206 1732 347 1780 ministerio
363 1730 454 1794 iloysis
462 1769 469 1793 ,
478 1730 624 1780 mediatoris
636 1733 661 1779 et
672 1728 899 1791 stipulatorls,datc
910 1731 956 1778 esl.
967 1730 1091 1780 llcdr'otor
1099 1734 1173 1778 aotam

39 1831 41 1835 >
116 1815 167 1850 noa
180 1807 214 1850 cst
231 1802 324 1858 unius,
335 1801 379 1850 sed
397 1801 509 1863 plurium
522 1820 528 1850 ε
547 1801 607 1849 binc
621 1799 702 1848 facilis
715 1799 884 1859 mutabilitas,
896 1798 928 1848 ob
939 1798 1050 1860 abcujus
1061 1799 1173 1848 mutatio·

117 1883 176 1919 nem
193 1874 217 1919 et
228 1870 353 1932 stipulatas
370 1871 523 1926 conditionis
532 1870 667 1920 delectum.

146 1941 281 1990 Promissio
296 1941 408 1989 autema
422 1939 536 1989 Deosolo
551 1938 617 1988 lacta
633 1957 639 1987 ι
654 1940 723 1987 Deus
739 1935 798 1988 υιιό
809 1950 876 1986 unus
891 1940 916 1986 et
935 1936 1004 1987 idem
1015 1949 1114 2001 semper
1129 1937 1172 1995 cst,

116 2013 142 2058 ct
155 2008 322 2058 immutabilis
333 2028 340 2058 ι
353 2009 414 2058 binc
428 2009 602 2070 promissionis
614 2007 720 2056 llrmitas
734 2005 830 2055 stabilis
843 2042 851 2067 ,
862 2009 955 2056 aeterna
966 2042 974 2067 ,
985 2005 1156 2063 immutabilis.

148 2077 235 2138 ltaque
247 2081 276 2125 ut
287 2077 350 2126 duos
361 2090 449 2126 versus
462 2081 490 2126 to
506 2082 531 2126 et
542 2080 590 2134 20,
600 2075 665 2124 bene
680 2073 812 2135 intelligas,

146 2146 208 2195 Nota
223 2145 330 2207 quoda
340 2145 432 2194 Paulus
446 2148 480 2194 ita
496 2146 630 2208 respondet
640 2145 773 2206 questioni
790 2145 838 2193 slbi
854 2143 942 2193 iactae:
935 2144 1014 2206 auid
1028 2145 1110 2207 igitur
1123 2144 1170 2193 laci

118 2218 147 2262 ut
158 2217 233 2263 etiarn
241 2217 471 2276 ,occasionequasi
483 2229 527 2277 per
535 2221 698 2264 transennam
711 2214 829 2274 acceptat,
837 2213 952 2263 ostendat
966 2214 1027 2276 legis
1041 2217 1066 2263 et
1076 2215 1171 2300 promis·

118 2285 195 2331 sionis
206 2283 355 2332 discrimina
365 2285 510 2347 ‚hujusque
522 2299 597 2348 supra
611 2285 690 2346 legem
704 2283 887 2332 excellentiam.

148 2351 196 2400 Les
210 2353 401 2402 occasionaliter
414 2353 488 2413 data,
508 2360 610 2416 propter
623 2353 856 2414 transgressiones..
869 2350 902 2399 ad
921 2352 1038 2412 tempus,
1054 2353 1170 2402 ἀοιιιιιι

118 2422 211 2471 niret...
220 2435 267 2483 per
280 2422 395 2483 angelos,
410 2422 453 2470 liei
468 2424 615 2483 ministros,
628 2422 727 2485 Moyse,
741 2421 844 2469 bomine
856 2419 1003 2471 mediatore.

149 2489 283 2538 Promissio
295 2489 360 2539 lacta
375 2491 563 2553 principaliter,
576 2494 630 2540 sine
641 2492 762 2553 temporis
778 2489 940 2551 limitatione,
952 2502 997 2552 per
1010 2490 1091 2540 ὓειιιιι
1100 2491 1171 2552 ipsum

120 2559 281 2619 immediate,
293 2560 420 2620 absolute,
432 2563 487 2609 sine
498 2561 641 2610 conditione
652 2564 698 2608 aut
711 2559 881 2621 stipulatione.

148 2629 212 2679 ilinc
224 2629 285 2690 quid
296 2632 429 2690 sequitant
441 2629 526 2680 Primb
536 2666 544 2690 ,
555 2629 622 2693 quod
635 2631 768 2692 promissio
780 2627 861 2677 multo
870 2626 1004 2690 perfectior
1018 2631 1051 2679 sit
1063 2632 1088 2679 et
1100 2624 1170 2679 crosl-

118 2697 218 2748 lentior.

149 2767 277 2827 Secundo,
290 2765 356 2829 quoa
374 2770 507 2830 promissio
529 2771 562 2819 sit
579 2767 761 2827 immutabilis,
773 2771 883 2827 aeterna,
897 2768 963 2816 sicut
976 2765 1061 2828 Deus,
1077 2767 1170 2830 promit·

120 2840 198 2887 sionis
212 2843 319 2898 auctor,
331 2843 368 2888 est
380 2852 447 2888 unus
455 2852 572 2900 semper
584 2839 670 2897 idem
685 2840 732 2887 sibi
746 2843 864 2887 constans
875 2841 900 2886 et
915 2837 1093 2887 immutabilis.

149 2908 214 2957 bens
229 2923 296 2958 unus
316 2913 343 2957 et
363 2908 429 2957 idem
443 2922 541 2970 semper
555 2913 617 2957 est:
635 2921 687 2957 non
702 2908 845 2957 timendum
860 2919 918 2969 ergo
936 2920 969 2956 uc
990 2909 1170 2970 promissionem

119 2977 219 3039 abroget
230 2990 303 3026 suasu
315 2976 428 3026 absolute
442 2981 466 3025 et
478 2977 586 3037 gratuito
601 2977 702 3026 iactam.

148 3046 205 3095 llaec
219 3046 250 3095 dc
266 3045 356 3095 nsandi
376 3045 503 3095 Salvatore
518 3047 666 3108 promissio,
683 3059 713 3096 ex
726 3044 831 3096 Abrabae
846 3047 944 3094 semine
960 3010 1105 3106 nascituro,
1121 3042 1169 3093 lun·

120 3115 194 3163 datur
205 3117 233 3162 in
243 3114 320 3163 verbo
333 3114 376 3163 liei
389 3115 501 3164 absoluto
513 3119 537 3164 et
548 3116 641 3196 absque
653 3115 704 3164 ulla
716 3116 873 3175 conditione,
881 3119 925 3164 aut
937 3115 1100 3178 stipulatione
1106 3115 1168 3165 datos

33 3186 36 3191 '
123 3183 230 3232 Verbum
246 3189 330 3233 eutem
346 3184 448 3233 Domini
464 3185 572 3234 vstabit
561 3200 588 3234 ιιι
604 3192 743 3235 otonem.-
757 3197 814 3246 ergo
830 3188 855 3234 et
873 3183 927 3234 baec
940 3186 1050 3246 gratuita
1064 3185 1107 3236 bel
1120 3193 1168 3246 pro·

119 3253 215 3301 missio.
347 3259 350 3265 ·

149 3321 214 3371 ilinc
228 3323 254 3371 in
266 3321 365 3371 Christo
376 3327 401 3372 et
412 3336 455 3385 per
464 3322 539 3372 ddem
551 3325 578 3372 in
592 3324 720 3374 Christum
735 3324 802 3374 salus
816 3336 914 3387 semper
926 3325 974 3373 crit
985 3323 1126 3386 quaerenda.

135 3390 273 3507 b'lertitbss
291 3397 378 3440 contra
389 3428 397 3452 ,
409 3394 522 3454 sequitur
537 3392 604 3453 quod
625 3393 665 3442 lor
680 3398 733 3442 erat
751 3394 897 3454 mutabilis,
914 3393 1058 3455 abroganda
1069 3431 1076 3454 ,
1089 3387 1168 3442 imbui

121 3472 135 3507 a
153 3470 211 3520 roga
222 3472 246 3508 a.

151 3529 199 3577 Lex
218 3530 271 3577 erat
291 3529 494 3589 occasionaliter,
515 3528 546 3577 ad
566 3531 683 3590 tempus,
704 3528 783 3580 donec
803 3527 1183 3580 veniretcbristus=cbr1stu

122 3602 207 3646 antem
219 3599 304 3658 renit;
319 3611 375 3658 ergo
387 3597 425 3646 lox
436 3599 552 3659 abrogata
564 3604 609 3647 est.

151 3667 251 3717 Cbristo
264 3673 401 3730 prasente,
412 3668 451 3716 ier
466 3681 512 3717 suo
525 3668 612 3717 iuncta
625 3670 663 3717 ost
678 3668 757 3718 oiilcio
764 3688 771 3729 ;
784 3680 816 3719 ne
827 3667 926 3719 Judoeos
937 3668 1040 3731 quidem
1052 3679 1118 3717 nunc
1128 3661 1164 3713 ol·

123 3736 181 3798 ligat
191 3775 198 3797 ,
208 3737 287 3786 multo
297 3738 383 3786 minds
396 3736 515 3786 Gentiles.

99 3866 101 3871 y
152 3805 233 3866 Quare
246 3818 321 3866 ergo,
336 3805 470 3855 dGalataet
485 3808 512 3854 in
526 3804 582 3865 illa,
593 3810 620 3854 et
631 3819 681 3855 non
696 3809 722 3855 in
737 3807 835 3856 Clu-islo
846 3805 898 3856 solo
909 3808 1034 3869 justiliam
1049 3799 1163 3869 quaritur

95 3888 101 3913 ·'
153 3889 192 3935 ti.
206 3889 252 3935 tea
264 3901 323 3949 ergo
338 3887 457 3937 adverada
470 3889 597 3950 promisso
608 3886 670 3936 Dei!

153 3954 268 4006 Occurrit
280 3955 394 4007 secunda
404 3957 539 4020 objectioni
552 3967 582 4006 ex
593 3959 674 4020 prima
688 3959 812 4009 nascenti.
