2512 4424
138 264 174 318 8!
303 263 494 318 SECUNDA}
511 261 712 316 EPISTOLAE
731 261 781 313 lu
798 255 1039 313 coniuratos
1121 292 1125 297 -

167 353 214 407 itta
228 357 299 406 enim
306 357 410 405 tristitia
421 368 478 417 qua
490 369 521 405 ex
531 351 616 405 imore
633 355 676 403 liet
686 356 731 413 est,
789 357 835 407 ro.
855 355 921 416 Quae
944 351 1021 406 enim
1041 344 1200 403 mudum

61 445 69 454 ·
137 425 163 473 et
177 422 425 484 licoplacita,parit
435 425 608 485 paenitentiam
619 422 733 473 stabilem
755 433 842 483 Deum
859 429 969 481 tristitia
988 431 1046 490 est,
1059 425 1200 492 poenitan·

102 498 105 506 '
138 493 165 539 ct
177 488 329 548 salutarem
340 490 442 538 tristitia
456 489 516 539 vero
531 502 587 550 quaa
600 501 630 538 ax
648 500 733 538 amore
756 506 822 558 fiam
832 506 989 559 in‘saluoem
998 501 1127 556 puppem
1133 514 1201 567 ψ.

139 555 220 606 seculi
228 559 282 616 cst,
297 559 405 605 mortam
415 559 493 620 gignit
505 559 635 606 aeternam.

756 589 832 636 ratur
845 600 852 636 :
866 582 952 635 seculi
971 587 1067 634 autem
1087 578 1200 632 tristitia

756 666 874 714 mortem
886 664 1026 726 operatur.

170 731 237 782 Ecca
256 730 305 782 hoc
320 734 404 794 ipsum
427 732 454 782 tn
473 733 545 784 robis
565 732 652 784 videre
675 736 732 793 est;
789 738 916 788 tl.Ecce
934 735 1009 787 euim
1020 733 1077 787 lroc
1091 731 1199 801 ipsum,

139 803 233 850 etenim
251 801 305 851 hac
316 806 398 851 restra
413 803 553 853 secundum
564 804 644 853 11111111
655 805 733 853 tristi·
756 810 910 864 secundam
931 815 1019 863 neum
1039 807 1201 863 contristari

138 871 187 929 tia,
199 875 319 931 quanam
338 872 365 920 in
383 872 455 921 robis
471 875 568 934 peperit
584 872 734 922 sollicitudI·
756 900 824 951 ms,
838 892 970 953 quantam
988 885 1018 936 jn
1037 883 1119 936 vobis
1135 895 1202 951 opa-

136 940 213 986 nemt
236 950 287 986 non
307 937 407 998 solum,
424 939 468 988 sed
486 944 511 989 et
526 939 732 1000 satisfactionem,
756 971 832 1018 mm,
842 964 1070 1028 sollicitudinem,
1084 962 1137 1017 sed
1152 962 1201 1017 (ιθ.

139 1005 187 1067 qui
199 1007 360 1068 vosmetipsos
371 1008 509 1069 purgastis,
755 1040 928 1106 sensionem,

139 1201 206 1247 tram
228 1201 424 1258 correctionem
438 1198 553 1260 quinimo
573 1198 831 1250 lucrummaximum
848 1199 970 1261 ieceritis;
990 1197 1110 1251 meliores
1131 1200 1199 1252 enlm

141 1267 223 1316 effecti
241 1270 316 1327 estis,
328 1267 421 1328 licique
439 1270 545 1328 gratiam
560 1271 734 1330 recuperastis.

173 1352 211 1398 ro.
224 1349 284 1406 Quo
302 1349 365 1395 euim
377 1349 512 1397 secundam
524 1348 612 1397 Deam.

170 1414 233 1466 liota
245 1428 304 1466 cum
315 1416 345 1464 li.
357 1416 468 1477 Tboma,
480 1417 547 1477 quod
564 1419 647 1466 omnis
663 1417 765 1466 tristitia
783 1428 814 1468 cx
833 1430 919 1471 amore
932 1420 1053 1468 canatur
1063 1435 1073 1479 ς
1084 1419 1199 1470 tristatur

141 1486 210 1534 enirn
220 1487 290 1545 quis,
300 1487 359 1545 quia
372 1488 441 1534 caret
450 1498 480 1534 eo
491 1485 558 1547 quod
573 1491 650 1535 amat.
664 1485 749 1547 Qualis
764 1499 821 1547 ergo
832 1499 903 1536 amor
914 1507 921 1536 2
933 1487 992 1536 talis
1003 1492 1029 1536 et
1039 1488 1155 1539 tristitia.

170 1553 216 1601 Est
226 1556 311 1603 autem
326 1552 418 1616 duplex
434 1566 504 1602 amor
512 1572 521 1612 t
534 1567 614 1613 unus,
624 1566 674 1615 quo
688 1554 752 1604 lieus
765 1554 877 1616 diligitur
885 1574 893 1614 ;
907 1558 932 1603 at
943 1566 973 1603 cx
985 1554 1035 1603 boc
1046 1557 1131 1605 oritur
1140 1557 1199 1605 tris-

141 1621 196 1670 titia
207 1622 348 1672 sccundtim
359 1622 439 1672 licum
451 1641 458 1673 r
468 1622 548 1683 alius,
558 1633 609 1683 quo
619 1621 734 1672 amulum
748 1626 861 1684 amatur,
871 1627 897 1672 et
909 1635 938 1672 ar
951 1621 998 1672 hoc
1010 1627 1133 1674 causatur
1143 1625 1199 1674 tris·

141 1690 197 1740 titia
210 1692 296 1742 saculi.

176 1763 286 1813 Tristitia
297 1774 355 1824 ergo
366 1760 505 1811 secundum
518 1759 613 1821 11111111,
625 1764 663 1810 cst
680 1763 780 1811 tristitia
796 1773 827 1812 ex
840 1773 925 1811 amore
937 1760 981 1810 lici
992 1764 1048 1810 orta
1058 1797 1066 1822 ,
1077 1763 1111 1812 ob
1120 1761 1199 1812 11111111

142 1835 276 1884 oilensum.
294 1832 326 1881 Et
341 1831 394 1880 haec
404 1831 505 1879 tristitia
519 1831 586 1892 parit
600 1832 784 1892 paenitentiam.

172 1903 216 1954 list
225 1902 327 1965 quidam
337 1900 484 1963 penitentia
494 1935 502 1960 ,
511 1901 571 1961 quia
586 1897 656 1949 dolor
668 1899 698 1949 dc
709 1903 812 1962 peccato
826 1899 948 1949 oblicum
960 1917 967 1946 ι
982 1899 1071 1959 sicque
1082 1900 1198 1949 contritio

142 1977 189 2023 est.

171 2043 204 2092 ut
216 2043 281 2104 parit
295 2040 486 2102 penitentiam,
497 2038 592 2088 scilicet
603 2041 677 2086 actus
689 2038 866 2089 satisfactorias
882 2038 1051 2100 paenitentia,
1063 2049 1130 2100 quos
1144 2049 1200 2087 aar·

141 2111 222 2162 siculo
234 2111 347 2170 sequenti
363 2108 439 2156 reiert
451 2107 592 2168 Apostolus.

173 2184 322 2235 inanitatem
341 2181 464 2229 stabilem.
476 2179 519 2229 Gr.
533 2180 602 2230 haud
620 2181 806 2243 poenitendam,
820 2181 847 2231 id
862 2185 915 2242 cst,
927 2193 983 2243 quat
998 2183 1151 2244 poenitentia
1163 2185 1199 2233 cst

141 2265 219 2309 causa
237 2251 325 2300 salutis
342 2253 442 2298 aterna
457 2251 481 2297 et
494 2262 627 2311 nunquam
640 2251 797 2313 paenitenda.

172 2319 217 2369 Vel
226 2321 292 2381 parit
301 2318 476 2379 penitentiam
487 2318 601 2367 stabilem
613 2321 638 2367 at
654 2318 798 2369 salutarem.

173 2388 255 2439 Scetffl
276 2391 362 2437 autom
381 2388 499 2448 tristitia,
517 2400 562 2437 seu
577 2387 608 2437 da
634 2387 788 2438 secularibus
808 2390 924 2450 amissis,
942 2387 974 2438 da
991 2388 1100 2451 opibus,
1118 2389 1199 2440 hono=

142 2458 228 2518 ribus,
240 2460 265 2506 et
278 2466 307 2505 ex
319 2455 455 2517 cupiditate
466 2461 533 2518 orta,
547 2461 655 2507 mortem
670 2460 737 2519 parit
749 2462 878 2507 aternam.

171 2527 325 2589 supponitur
340 2537 411 2573 amor
425 2526 576 2576 immodicus
593 2529 619 2575 et
631 2526 752 2575 mortalis.

172 2596 286 2646 Charitas
296 2632 303 2655 ,
315 2596 406 2643 animae
419 2595 485 2654 sita,
501 2597 580 2644 sitam
592 2596 657 2657 parii
669 2599 797 2643 aternam:

92 2680 95 2684 ·
172 2663 316 2726 Cupiditas,
328 2676 395 2711 mors
406 2665 512 2724 anima,
524 2666 632 2714 mortem
649 2666 714 2725 parii
727 2667 854 2712 aternam.
976 2698 988 2707 .

171 2734 256 2794 ltaque
268 2745 313 2796 par
324 2731 403 2781 seculi
413 2735 556 2794 tristitiam,
565 2745 623 2782 eam
639 2731 756 2792 intelligit
763 2767 771 2792 ,
779 2742 834 2793 quae
843 2728 1007 2780 moerentibus
1018 2729 1201 2784 oeramentum

142 2803 231 2863 ailam,
242 2803 279 2851 ait
294 2801 323 2850 ii.
336 2801 536 2862 Chrysostomus.

171 2872 234 2920 liam
247 2881 339 2918 moeror
348 2868 379 2917 ad
390 2874 491 2931 peccata
503 2869 624 2918 duntaxat
637 2868 707 2917 utilis
720 2870 766 2917 cst.

171 2939 242 3002 Quod
252 2938 312 2988 binc
327 2937 421 2998 liquido
432 2939 538 2998 perspici
549 2941 646 2999 potest:
658 2940 750 2986 etenim
762 2939 805 2998 qui
817 2937 848 2986 ob
863 2938 968 2987 amissas
981 2941 1082 3000 apesin
1093 2953 1203 2992 moerora

141 3011 195 3068 est,
212 3005 402 3054 incommodum
421 3009 568 3066 acceptum,
584 3005 632 3053 hdc
653 3007 750 3054 ratione
767 3018 818 3054 non
836 3008 964 3075 resarcita
978 3009 1022 3067 qui
1042 3009 1075 3058 ob
1092 3008 1203 3072 alicujus

140 3078 263 3132 mortem,
282 3073 314 3122 ob
330 3073 463 3131 morbum,
483 3076 543 3131 etc„
562 3083 668 3120 moerora
686 3073 867 3134 discruciatur,
881 3076 1009 3135 iacentem
1022 3090 1077 3126 non
1095 3081 1203 3143 excitat,

140 3142 260 3196 morbum
271 3153 322 3189 non
338 3140 448 3203 repellit,
462 3139 514 3188 imo
524 3143 615 3200 auget,
627 3144 676 3190 etc.
711 3196 713 3200 ⁸

173 3211 256 3272 Atqui
265 3211 298 3259 ob
307 3215 406 3272 peccata
416 3211 443 3258 in
453 3220 559 3259 mucrore
568 3213 619 3269 cst,
627 3211 649 3258 is
657 3209 725 3260 solus
735 3209 749 3260 c
759 3220 865 3260 moerore
876 3209 988 3262 fructum
1000 3216 1070 3277 capit
1083 3220 1205 3280 :peccata

143 3282 212 3330 enim
224 3280 334 3329 absumit
345 3292 375 3328 ac
386 3277 460 3326 delet.

172 3348 296 3410 Quoniam
308 3350 376 3396 enim
388 3345 601 3395 medicamentum
611 3346 678 3396 istud
690 3347 723 3396 ad
734 3347 783 3396 boc
792 3346 892 3396 mnium
904 3354 1082 3411 comparatum
1095 3359 1153 3406 est:
1167 3355 1207 3405 td·

142 3421 211 3468 circo
226 3416 267 3465 bic
283 3419 359 3465 ctiam
375 3415 495 3464 duntaxat
512 3416 565 3463 vim
585 3415 676 3475 habet,
692 3414 875 3476 utilitatemque
892 3429 965 3465 suam
981 3422 1063 3469 exerit
1072 3441 1080 3481 ;
1099 3425 1129 3472 in
1148 3422 1207 3477 allis

141 3486 217 3537 rebus
229 3498 280 3534 non
293 3484 368 3533 modo
379 3485 523 3544 nonjuvat,
533 3483 660 3533 sedetiam
667 3485 744 3533 obest.
756 3483 831 3533 Divus
841 3485 1035 3547 chrysostomus
1044 3525 1051 3549 ,
1060 3485 1205 3553 hucusque.

175 3571 212 3616 tt.
226 3569 285 3615 Ecce
300 3567 365 3614 enim
378 3566 423 3614 boc
437 3568 551 3627 ipsam...
564 3565 611 3615 hoc
628 3569 725 3629 ipsum,
737 3566 848 3625 scilicet,
862 3568 930 3628 quod
941 3571 1047 3621 tristitia
1060 3574 1207 3625 secundum

142 3618 237 3694 muna}
249 3636 423 3697 paenitentiam
441 3637 508 3697 parit
523 3635 674 3695 salutarem
686 3638 713 3684 in
726 3635 908 3697 vobismetipsis
920 3637 1013 3688 videte.

175 3710 300 3768 Quantam
314 3709 381 3756 enim
392 3708 445 3757 heac
458 3713 540 3758 vestra
554 3708 693 3758 secundum
707 3708 785 3756 Deum
797 3711 898 3758 tristitia
910 3715 1007 3773 peperit
1022 3715 1051 3762 in
1065 3715 1207 3768 1101111101-

142 3776 304 3827 barcariam.
316 3775 359 3825 Gr.
373 3776 494 3826 studium.
512 3777 569 3839 Syr.
582 3776 741 3826 sedulitatem
752 3795 760 3835 ς
771 3775 868 3826 scilicet
885 3790 930 3828 vos
943 3781 1209 3846 emendandi,1ieum

142 3843 273 3908 placandi,
285 3844 443 3893 scandalosos
457 3845 606 3906 corrigendi.

174 3919 236 3978 Sed,
249 3917 406 3981 subintellige
420 3932 473 3971 non
488 3917 588 3981 solum,
603 3920 658 3979 sed,
670 3918 710 3968 rel
728 3919 788 3972 imd.
