2512 4424
287 253 456 306 TitiPLiiii
473 254 692 309 carosium.
712 256 791 310 cib.
811 256 858 309 VI.
1049 257 1099 310 adt

397 486 533 559 cliui
556 488 748 564 siiiiiiiii.

205 651 316 689 alixius.
711 653 895 692 Pinianaisis.

40 771 68 820 i.
81 778 242 894 Futurus,
257 771 284 817 et
299 764 322 817 si
334 777 479 831 praeoccu-
501 775 656 876 Fuimus,
678 767 700 815 si
723 767 779 826 ouis
796 766 811 814 d
826 764 1038 828 pseudoapostolis
1056 777 1098 816 se-

130 849 211 909 patus
234 841 318 895 fuerit
342 842 426 895 homo
450 841 478 892 in
545 833 652 895 ductus,
667 837 694 884 ln
707 834 809 898 aliquod
825 847 913 884 eorum
928 847 983 895 quae
996 834 1045 883 dlxi
1056 835 1099 884 de·

39 921 134 987 aliquo
146 919 264 981 delicto;
501 898 632 962 lictorum,
648 903 757 952 maxime
776 902 834 952 verb
857 901 993 961 haereseos,
1010 913 1054 950 seu
1070 903 1097 950 iu

498 969 653 1031 Judaismum
670 973 800 1036 prolapsus
815 972 906 1031 fuerit,

38 1057 107 1106 vos,
122 1041 170 1108 qui
182 1040 339 1107 spirituales
349 1040 415 1094 estis
425 1079 434 1106 ,
531 1038 579 1088 Vos
595 1040 717 1102 perlecti,
733 1045 758 1089 et
780 1042 824 1102 qui
846 1040 936 1101 spiritu
958 1037 1002 1088 liei
1025 1038 1097 1089 duci·

500 1107 581 1166 mini,
594 1120 671 1157 carue
684 1109 766 1158 vestra
783 1106 917 1166 cruclflxd,

35 1177 198 1247 hujusmodi
206 1177 334 1231 instruite
342 1178 371 1230 in
380 1178 476 1246 spiritu
531 1175 678 1235 llujusmodi
695 1177 826 1226 homiuem
848 1180 936 1225 sanato
950 1178 975 1225 et
989 1177 1096 1238 pristino

35 1258 171 1320 lenitatis3
500 1247 575 1296 statui
585 1246 750 1308 redintegrata
760 1283 768 1307 ,
779 1259 831 1296 nou
843 1246 905 1296 dure
921 1247 1094 1309 corripiendo,

499 1314 542 1363 sed
564 1317 711 1364 cumomni
733 1314 877 1365 bumilitate
891 1328 922 1365 ao
946 1319 1096 1364 mausuetu-

499 1382 579 1433 dine:

35 1457 217 1512 considerans
240 1455 375 1522 teipsum3
392 1468 429 1508 ne
449 1461 476 1508 ct
528 1453 646 1516 'leipaum
676 1455 904 1516 circumspectans,
927 1454 1022 1516 thiquc
1051 1466 1095 1502 ca-

34 1542 66 1589 pu
83 1538 208 1589 tenteris,
237 1562 241 1570 .
497 1533 574 1582 vens,
590 1533 622 1571 na
632 1525 658 1570 et
666 1525 695 1570 tu
706 1523 824 1585 tenteris,
835 1526 860 1572 et
869 1522 951 1572 eidem
962 1523 1095 1573 tentationi

498 1591 648 1640 succumbas
658 1596 703 1640 aut
717 1590 803 1641 simili.

69 1661 97 1712 2.
109 1659 184 1710 iliter
195 1655 308 1710 alterius
320 1669 405 1710 onera
413 1646 476 1722 por·
527 1657 612 1719 iapsis
628 1650 800 1721 compatimini
810 1678 818 1718 ;
830 1660 949 1722 mumque
965 1659 1021 1710 iilos
1036 1673 1094 1710 our-

34 1743 105 1801 tale,
497 1724 570 1785 rigita
585 1722 704 1787 leuitate,
721 1727 791 1786 quasi
808 1724 909 1774 illorum
923 1738 1000 1775 onera
1013 1731 1038 1774 et
1051 1726 1094 1774 de-

497 1793 585 1843 lictum
598 1795 717 1857 portetis,
729 1795 829 1855 sintque
845 1795 915 1844 vobis
930 1797 1047 1858 propria;

64 1957 125 2006 Car.
136 1954 176 2003 iii.
188 1957 210 2002 i.
225 1953 334 2009 Fratres,
349 1957 371 2000 et
381 1951 603 2014 ripraoccupatur
614 1950 710 2014 sumit..
722 1950 765 2002 Gr.
777 1949 882 2021 iratms,
892 1953 913 2001 si
922 1955 956 2002 et.
967 1950 1028 2012 Syr.
1040 1948 1092 1999 iru-

32 2033 84 2077 trea
96 2025 146 2074 mei
157 2061 163 2084 ,
174 2025 195 2072 si
205 2023 262 2082 quis
272 2020 400 2081 vestrum,

62 2100 259 2158 Proeoccupatua
278 2095 363 2158 [uerit.

62 2167 156 2217 Paulus
166 2165 226 2214 iacit
241 2166 293 2227 ipae
304 2163 373 2226 quod
388 2163 476 2227 docet,
492 2165 597 2218 hortum
606 2167 676 2218 enim
695 2165 728 2218 ad
739 2166 893 2218 excusandos
905 2169 931 2217 ct
940 2165 1030 2216 leuiter
1041 2161 1093 2216 ori·

31 2237 126 2299 gendos
147 2247 189 2283 eos
204 2235 248 2295 qui
270 2245 300 2282 ex
317 2232 464 2283 infirmitate
482 2234 645 2296 ceciderunt,
659 2238 766 2299 ipsemet
785 2237 856 2297 quasi
877 2235 933 2285 illos
949 2246 1090 2293 excusans,

31 2319 122 2357 corum
136 2303 236 2365 culpam
248 2307 366 2352 extenuat
377 2302 425 2352 boc
440 2303 534 2365 verbo,
549 2306 573 2355 ri
583 2312 772 2368 preoccupatus
789 2305 882 2368 suerin
895 2306 967 2367 quasi
979 2303 1090 2354 diceret:

62 2376 89 2438 δί
101 2375 158 2440 quis
169 2371 303 2437 letalique
316 2373 387 2436 quasi
398 2373 492 2441 inpetu
510 2373 629 2445 abreptus
640 2373 734 2444 fuerit,
746 2373 785 2422 vei
797 2373 1024 2432 {martinaceus
1036 2374 1093 2430 rio·

29 2461 90 2518 tua,
102 2454 184 2505 veleb
201 2452 369 2515 ignorantiam
379 2449 394 2499 d
406 2448 475 2500 falsis
490 2449 608 2502 iratribus
617 2451 736 2502 seductus
747 2450 831 2501 fuerit.

61 2534 157 2586 Homo,
172 2527 261 2588 idest,
283 2526 392 2588 aliquis,
411 2529 449 2575 est
461 2525 628 2576 hebraismus.
648 2527 677 2574 ia
694 2527 795 2588 atiquo,
817 2538 847 2575 ex
870 2528 1091 2586 commemoratis,

30 2613 89 2664 cap.
104 2602 127 2659 5,
140 2611 167 2646 ιι.
182 2601 219 2647 19.
232 2597 275 2645 sed
288 2594 412 2658 praecipue
421 2597 447 2644 iu
461 2595 550 2644 baresi
560 2594 759 2655 judaizantium,
772 2594 858 2655 deque
876 2593 919 2641 hlc
930 2594 1030 2654 agitur;

64 2673 166 2734 Vocquu'
173 2671 319 2732 spirituales
328 2669 436 2727 estis,·id
446 2673 493 2728 est,
502 2669 546 2730 oui
557 2669 646 2730 spiritu
658 2666 808 2726 ambulatis,
822 2668 914 2729 spiritu
925 2667 1020 2725 vivitis,
1030 2679 1054 2715 c.
1068 2669 1092 2715 5.

31 2750 62 2796 iti
78 2748 105 2794 et
115 2745 161 2803 253
177 2754 222 2791 seu
234 2753 280 2790 ros
292 2742 336 2802 qui
347 2739 452 2803 perlecti
469 2741 530 2790 estis
541 2774 549 2800 ,
562 2739 659 2802 etqui,
670 2750 746 2789 carue
758 2739 841 2788 restra
852 2735 990 2798 cruciilxa,
999 2748 1087 2787 secuu-

29 2815 93 2864 dum
105 2813 223 2875 spiritum
234 2811 312 2858 ritum
323 2808 430 2869 ducitis3

60 2884 216 2949 Huiusmodi
225 2883 352 2932 instruite.
361 2882 418 2946 Syr.
430 2883 570 2933 instaurate
582 2900 588 2931 ε
602 2881 735 2942 nondixit,
745 2881 899 2943 puniceam
910 2876 1090 2928 condemnato:

28 2956 74 3007 sed
96 2956 253 3012 instaurate,
269 2950 295 3000 id
304 2955 341 3000 cst
352 2952 477 3012 corrigite,
488 2953 524 3000 ait
539 2950 565 3001 S.
581 2950 782 3013 chrysostomus.

60 3033 90 3080 la
104 3028 199 3091 spirutu
216 3025 340 3083 leuitatis,
351 3036 403 3074 non
422 3025 524 3075 tantum
537 3028 565 3075 in
582 3022 794 3082 mausuetudiue3
808 3019 893 3070 sedin
914 3019 1004 3081 spiritu
1018 3028 1093 3068 man·

28 3097 186 3156 suetudinis,
201 3095 238 3144 ait
248 3092 274 3142 S.
286 3092 478 3154 chrysostomus
488 3129 496 3153 ,
505 3092 532 3142 id
545 3097 595 3153 est,
608 3106 668 3143 cum
678 3091 772 3142 affectu
784 3091 902 3148 interno,
913 3087 998 3149 quiait
1010 3085 1025 3136 t
1038 3085 1092 3150 Spi-

30 3173 80 3219 ritu
93 3170 196 3225 saueto‚
207 3175 281 3213 suam
298 3163 370 3223 quasi
381 3161 511 3216 lenitatem
522 3165 660 3226 inspirante
668 3174 713 3225 per
724 3173 767 3211 eus
777 3158 938 3220 corrigentis.

61 3238 350 3299 muadaaurrctpaam.

58 3312 161 3362 Transit
173 3309 189 3357 a
204 3305 295 3370 plurali
306 3317 412 3355 numero
425 3306 458 3356 ad
470 3306 630 3368 singularem.

60 3383 118 3445 Syr.
135 3382 161 3428 et
173 3380 259 3426 curete
271 3386 304 3423 ue
316 3378 342 3424 et
351 3387 394 3424 vos
407 3377 550 3426 tentemini.

58 3452 252 3506 Considerantes
266 3450 443 3511 vosmetipsos,
455 3452 481 3498 et
492 3449 744 3511 circumspicientes,
758 3449 828 3497 sieut
847 3444 894 3508 qui
903 3442 953 3495 albi
963 3445 1036 3493 caret
1046 3444 1094 3493 eit·

31 3525 175 3586 cumspicit.

59 3609 83 3656 2.
100 3604 171 3656 Alter
187 3601 422 3668 abmatertera...

56 3675 103 3724 Per
118 3685 183 3723 auur
195 3673 278 3733 potest
291 3670 406 3731 equidem
418 3668 523 3730 intelligi
538 3666 657 3730 qualibet
672 3665 810 3716 iufirmitas
818 3663 883 3726 ,aad
896 3670 1009 3713 extersa
1029 3664 1093 3719 νισι·

31 3743 127 3793 cedenti
144 3745 170 3791 et
182 3753 213 3789 ex
223 3739 312 3800 quinto
325 3743 443 3799 sequente
453 3776 460 3799 ,
472 3742 540 3799 patet
551 3736 618 3800 quod
633 3733 768 3798 Apostolus
786 3746 833 3797 per
843 3726 1039 3784 mensuralitati
1050 3718 1090 3767 ’Μ

31 3825 103 3863 omne
118 3815 270 3875 peccatum,
282 3809 308 3854 et
321 3809 452 3869 speciatim
465 3809 610 3870 apostasia,
622 3817 667 3854 seu
675 3805 815 3866 iudaiami,
825 3803 919 3865 dequo
932 3798 990 3857 rull«
1069 3863 1073 3868 ¹

57 3882 191 3931 Portemus
202 3878 288 3925 autem
308 3880 414 3936 peccata
427 3876 550 3936 proximi,
561 3885 670 3935 eumque
683 3873 780 3923 abhoc
788 3867 946 3934 mourut
967 3859 1077 3911 law*

30 3961 73 4010 por
83 3946 288 4005 compassionem
298 3946 324 3991 et
337 3943 529 3997 instructionem
539 3946 566 3992 in
580 3944 670 4008 spiritu
686 3942 812 3994 leuitaib.
