2512 4424
280 262 450 317 sarisam
468 264 692 320 ariusium.
712 265 794 320 cie.
814 267 871 319 iii.
1071 266 1106 322 51

52 355 120 423 qnasi
131 354 261 411 exnobls
272 357 488 415 :musuffleim-
508 371 586 420 quam
604 358 637 408 ad
654 360 800 410 animarum
813 359 1004 409 conversionem
1021 358 1108 411 conie-

51 431 81 486 ria
94 438 189 486 nogara
200 447 236 486 ex
248 436 307 487 neo
319 438 361 488 est
374 450 382 488 =
508 439 567 477 rens
575 429 698 488 cogitare,
708 425 789 476 multo
799 425 886 475 minds
897 423 1044 486 iacere;sed
1054 429 1107 479 tota

509 498 594 544 nostra
606 495 754 545 sufficientia
771 498 796 544 et
806 497 887 544 virtus
897 494 960 544 esta
975 493 1035 556 lieo,

76 564 102 631 6,
113 563 166 627 Qui
178 569 207 616 et
219 563 339 617 idoneos
357 577 410 618 nos
423 564 487 619 lecit
540 564 587 626 Qui
598 578 645 615 nos
656 566 747 627 elegit,
761 569 786 615 et
799 565 902 615 idoneos
912 563 972 615 iecit
982 566 1041 615 novi
1049 564 1108 616 Tes-

49 639 185 694 mlnistros
196 640 266 693 nori
281 642 469 707 Testamenti3
508 635 615 683 limenil
628 636 775 695 mlsslsslwsst

49 717 220 782 ponpam,
539 702 594 752 Non
612 701 692 764 legem
707 705 735 753 in
746 703 840 753 tabulis
858 702 964 766 lapideis
988 703 1109 766 scriptam

509 769 582 819 nohis
594 769 677 820 dando
688 770 762 831 ,aliis
776 770 964 834 proponendam
976 790 983 820 ε

50 845 233 914 sedsmfigug
541 838 588 887 Sed
600 839 723 900 Spiritum
741 839 863 889 Sanctum
875 839 948 890 nobis
964 838 1107 903 largiendo,

508 909 586 957 stiam
597 907 654 956 aliis
670 907 922 957 communicandum.

51 975 144 1030 llttera
154 977 232 1030 enim
243 973 361 1042 occidit,
539 973 599 1035 Qua
615 974 666 1023 duo
683 974 756 1024 valde
772 975 870 1023 diversa
880 976 940 1022 suut
954 973 1021 1023 :Lex
1039 974 1108 1023 enim

508 1043 706 1095 litteristantrim
715 1045 824 1106 scripta,
836 1043 935 1092 occasio
947 1040 1106 1092 fuitmortiss

76 1192 158 1254 ligitur
169 1195 240 1243 enim
258 1192 290 1243 de
308 1192 457 1244 sullicientia
476 1196 502 1243 et
520 1193 655 1244 idoneitate
666 1193 699 1244 ad
715 1190 869 1257 apostolatus
880 1193 1066 1252 ministerium,
1080 1195 1110 1242 ut

53 1262 222 1326 patetlegenti.
744 1312 748 1319 ,

78 1332 163 1381 Primis
174 1331 290 1380 versibus
301 1330 403 1381 locutus
414 1334 452 1382 est
464 1331 557 1382 Paulus
568 1332 599 1381 de
616 1334 780 1383 conversione
793 1331 982 1381 Corinthiorum
999 1343 1044 1380 suo
1060 1333 1109 1380 mi-

55 1401 146 1449 nisterio
162 1399 245 1460 tacta,
259 1405 285 1449 et
299 1399 329 1450 dc
348 1414 377 1450 ea
395 1400 496 1452 locutus
514 1405 551 1451 est
566 1402 613 1451 sub
632 1402 780 1463 metaphora
799 1401 908 1464 epistola
925 1402 940 1450 a
955 1413 982 1450 se
1001 1403 1107 1463 scripta.

56 1469 81 1517 st
91 1471 146 1530 quia
158 1470 207 1519 hoo
228 1469 266 1518 illi
282 1469 419 1531 gloriosum
437 1471 552 1530 ridetur,
568 1470 611 1520 hic
626 1474 654 1520 ut
671 1474 750 1520 totam
770 1469 848 1532 hujus
869 1471 1040 1520 conversionis
1057 1469 1109 1530 glo-

57 1540 111 1588 riam
119 1538 168 1588 Deo
184 1538 291 1599 reddat,
303 1542 417 1601 agnoscit
429 1543 454 1589 et
469 1539 569 1602 publice
580 1539 689 1601 fatetur,
700 1538 768 1602 quod
781 1551 812 1588 en
822 1541 955 1600 semetipso
966 1539 999 1588 sit
1011 1537 1108 1588 insuiii·

59 1609 115 1671 ciens
124 1608 218 1669 aliquid
227 1609 338 1670 cogitare
348 1645 355 1669 ,
366 1608 433 1670 quod
442 1609 482 1659 vel
493 1609 525 1658 ad
534 1609 732 1671 Corinthiorum,
741 1607 782 1658 sei
792 1609 825 1658 sd
834 1608 942 1658 aliorum
951 1619 1108 1669 quorumque

59 1677 150 1728 alutem
167 1678 298 1740 conterat;
314 1682 340 1730 et
357 1679 413 1730 ideo
431 1678 513 1731 muita
532 1680 618 1732 minis
640 1680 767 1730 sufficiens
786 1683 824 1730 est
843 1693 873 1730 ex
891 1693 934 1741 se,
948 1678 1044 1741 aliquid
1058 1677 1107 1728 tale

60 1745 142 1808 iacere,
157 1752 202 1798 aut
215 1749 326 1811 exsequi.

86 1822 126 1871 Sed
140 1821 292 1885 sufficentia
309 1828 405 1874 amira.
417 1822 474 1886 Syr.
486 1824 569 1874 virtus
578 1827 665 1876 nostra
676 1825 766 1875 calleo
777 1829 825 1882 est,
837 1835 883 1886 per
897 1823 989 1874 diruti
999 1825 1105 1884 meritc,

63 1893 86 1938 ut
94 1889 147 1940 dixit
158 1906 183 1942 n.
198 1891 359 1954 praecedenti.

87 1976 233 2029 massario
249 1991 394 2029 amulrici
407 1993 439 2029 nr
458 1993 621 2031 nonaria-
636 1979 724 2030 Omnis
734 1981 819 2029 nostra
830 1977 980 2029 sufficientia
995 1979 1027 2029 ad
1044 1980 1108 2029 bene

65 2047 205 2105 cogitandum
216 2050 241 2097 et
253 2048 286 2097 ad
299 2048 363 2096 beno
376 2048 501 2110 agendum
515 2061 544 2097 ex
556 2048 606 2097 lieo
617 2050 663 2097 esi.

88 2114 113 2162 iit
123 2115 179 2165 hinc
193 2117 370 2177 cognoscimus
387 2119 446 2177 quia
466 2116 532 2166 nihii
552 2129 657 2176 sumus,
680 2116 729 2167 nisi
742 2115 914 2166 misericordia
934 2119 959 2165 et
971 2115 1051 2178 gratia
1063 2115 1106 2165 liei

66 2195 177 2245 regamur,
190 2188 227 2236 ait
244 2186 274 2235 ii.
289 2185 432 2237 anselmus.
1056 2212 1059 2218 ·

88 2252 211 2303 attendant
225 2254 279 2304 haec
292 2253 386 2314 verba,
399 2256 442 2316 qui
462 2257 553 2317 putant
568 2267 598 2305 ex
610 2254 683 2305 nobis
698 2266 751 2305 csse
767 2257 878 2318 creptum
890 2254 964 2316 fidei,
979 2258 1003 2305 et
1014 2268 1044 2304 ex
1056 2256 1106 2304 lico

67 2320 168 2372 oetier
183 2321 389 2385 supplementum
403 2340 409 2371 ι
424 2325 480 2384 quis
492 2326 560 2372 enim
572 2337 624 2373 non
637 2324 722 2373 videat
737 2324 809 2387 priris
824 2337 877 2374 esse
893 2327 1017 2386 cogitare,
1031 2325 1108 2385 quim

67 2388 163 2440 crederet
174 2390 260 2441 nulius
269 2393 364 2454 quippe
375 2391 455 2441 credit
465 2390 575 2454 aliquid,
585 2395 634 2442 nisi
644 2393 714 2456 priris
723 2395 868 2455 cogitaverit
879 2407 932 2444 esse
943 2393 1105 2442 credendum.

67 2454 86 2504 Si
98 2470 146 2520 ergo
163 2472 215 2509 non
234 2459 375 2509 sufficimus
388 2463 496 2522 cogitare
515 2462 575 2511 boni
592 2461 687 2523 aliquid
698 2463 712 2511 a
723 2463 812 2524 nobis,
824 2463 934 2525 proiecto
945 2474 993 2512 nec
1007 2461 1107 2511 credere

68 2526 183 2578 sufficimus
200 2529 268 2590 quod
287 2529 342 2578 sine
359 2531 510 2590 cogitatione
528 2543 579 2580 non
597 2543 754 2594 possumusc
777 2531 820 2581 sed
834 2531 983 2581 sufficientia
1005 2534 1105 2590 nostra,
1198 2560 1201 2565 -

68 2597 103 2652 qut
114 2600 136 2646 et
145 2598 244 2647 credere
263 2594 431 2660 incipiamus,
443 2611 472 2648 ex
489 2599 540 2649 ileo
556 2604 602 2650 est.
612 2600 753 2662 cogitantes
769 2600 909 2660 credimus,
922 2602 1058 2660 cogitantes
1069 2598 1107 2646 lo-

68 2667 163 2728 quimur,
176 2670 314 2730 cogitantes
325 2668 446 2729 quidquid
461 2672 559 2730 agimus
578 2673 684 2732 agimus.
701 2671 730 2720 ii.
749 2669 892 2719 anselmus.

90 2731 142 2784 ilinc
158 2747 216 2797 ergo
229 2748 321 2798 magna
335 2735 408 2786 nobis
424 2737 576 2787 humilitatis
591 2741 699 2788 occasio.

89 2800 141 2853 ilinc
153 2804 299 2854 omnimoda
309 2807 446 2856 necessItas
458 2807 491 2855 ad
503 2807 582 2856 Deum
596 2819 693 2869 semper
706 2805 869 2868 recurrendi,
881 2808 906 2855 ei
917 2817 962 2867 per
978 2803 1107 2853 Christum

69 2869 208 2935 mellutorem
225 2877 359 2934 nostrum,
376 2877 482 2935 gratiam
495 2876 528 2925 ad
544 2878 629 2926 omnia
641 2875 751 2937 petendi.

89 2953 107 3000 o.
123 2954 168 3012 Qui
184 2962 207 3005 et
224 2956 356 3004 idoneos...
370 2955 463 3017 idest,
477 2960 521 3018 qui
537 2971 583 3007 nos
602 2962 626 3007 et
640 2958 713 3018 elegit
728 2961 753 3006 ct
769 2956 873 3006 idoneos
887 2955 946 3004 iecit
961 2963 1033 3002 nova
1047 2951 1107 3010 legis

69 3021 191 3086 ministros,
207 3037 269 3085 seu,
292 3029 320 3074 ut
340 3026 376 3074 ait
386 3025 415 3074 li.
430 3027 638 3088 Chrysostomus,
659 3027 719 3077 lecit
730 3031 759 3076 ut
774 3027 835 3077 huic
851 3026 952 3076 muneri
966 3034 1039 3086 pares
1054 3032 1107 3070 esse

70 3097 174 3146 issemus
185 3096 210 3142 et
221 3093 253 3142 ad
269 3092 333 3142 illud
342 3093 486 3143 obeundum
498 3098 613 3158 appositi.

91 3164 135 3214 lion
146 3167 241 3227 littera,
253 3169 297 3218 ced
307 3168 409 3230 spiritu.
422 3168 464 3219 Gr.
479 3181 531 3218 non
545 3170 644 3231 litterae,
657 3170 700 3219 sed
713 3169 826 3234 spiritus.
839 3169 931 3230 Syrus,
943 3178 995 3216 non
1006 3163 1105 3223 littera,

10 3276 12 3285 .
71 3229 101 3278 itt
113 3237 215 3297 spiritu,
235 3239 303 3286 sicut
319 3239 442 3299 interpres
460 3244 553 3289 noster.

10 3306 14 3353 i
92 3305 134 3356 un
148 3309 243 3372 utera,
258 3311 285 3361 id
297 3315 349 3371 est,
361 3325 413 3360 non
424 3314 490 3362 sicut
501 3313 578 3374 iioysi
590 3313 699 3362 litteram
712 3314 805 3373 solam,
818 3324 863 3361 seu
875 3309 955 3370 legem
971 3309 999 3356 in
1016 3305 1107 3355 tabulis

10 3370 14 3447 ξ
72 3367 151 3432 lapideis
160 3382 279 3442 scriptam
291 3415 298 3440 ‚
316 3380 389 3429 nobis
402 3380 483 3429 dando
499 3381 556 3430 aliis
569 3381 758 3442 proponendam
777 3386 802 3429 et
816 3375 1030 3428 annuntiandam.

10 3462 14 3479 ¹
94 3447 131 3499 Sed
145 3455 252 3514 spiritu,
271 3453 367 3514 idest,
387 3454 430 3503 sed
454 3457 573 3517 praterea
590 3455 711 3518 Spiritum
728 3456 851 3504 Sanctum
868 3453 942 3501 nolris
963 3448 1106 3510 largiendo,

73 3514 128 3566 etiam
138 3519 189 3571 aliis
199 3522 460 3580 communicandum,
474 3535 523 3583 quo
534 3524 601 3574 hanc
617 3529 710 3574 amoris
722 3524 802 3585 legem
819 3521 925 3582 diligant
941 3521 966 3567 et
977 3517 1106 3579 impleant.

95 3588 244 3645 lineamina
258 3597 404 3658 oceidit51d
416 3601 469 3656 est,
481 3597 518 3645 lex
531 3598 596 3659 sola,
611 3598 649 3648 lox
662 3599 751 3648 litteris
761 3596 865 3646 tantum
877 3594 986 3654 scripta,
1001 3588 1107 3652 Spiritus

17 3704 20 3711 .
74 3653 135 3708 &acii
147 3667 228 3724 graue
243 3665 361 3728 prasidio
374 3665 510 3727 destituta,
530 3668 621 3717 occidit
633 3670 747 3717 animam
763 3661 966 3715 occasionaliter.

95 3723 174 3793 Prima,
189 3737 250 3796 quia
270 3735 345 3784 docet
360 3734 421 3796 quid
428 3735 575 3798 ¹agendum,
592 3749 640 3786 nec
657 3738 723 3786 viros
735 3735 778 3785 dat
794 3733 827 3782 ad
844 3727 970 3793 agendum
981 3746 988 3787 i
1000 3725 1107 3779 hincque

76 3801 164 3850 rantur
180 3804 290 3852 scienter
312 3806 337 3851 et
355 3815 414 3852 cum
430 3806 643 3865 prevaricatione.

96 3859 187 3919 lauatio
197 3908 206 3931 ,
217 3873 279 3933 quia
297 3873 528 3932 concupiscentiam
545 3874 627 3921 irritat
645 3870 677 3920 ad
694 3871 852 3921 contrarium
868 3859 1031 3915 iaciendum:
1046 3849 1106 3901 niti·

78 3936 117 3978 nur
126 3935 146 3983 in
158 3941 272 3990 vetitum.
286 3938 348 3990 Vide
360 3938 428 3990 dicta
438 3953 462 3991 c.
474 3945 498 3991 7.
510 3941 541 3991 ad
555 3941 627 3991 liom.
640 3955 666 3989 n.
678 3944 702 4001 8,
717 3941 753 3989 10.
