2512 4424
108 261 162 313 176
400 259 605 312 EPISTOLAE
624 260 674 311 so
692 254 880 311 ornaris

107 334 651 414 memmerumdoannemssetlreaium,
662 354 705 415 qui
729 365 804 406 mam
824 349 861 405 ad
880 351 1075 403 antecessores
1097 359 1172 403 meos

107 427 167 471 ante
188 434 230 470 me
248 422 330 470 vocati
351 425 412 470 sunt
431 420 465 471 nd
481 420 663 484 apostolatum,
682 425 707 469 et
730 429 898 498 Apostolos:
914 424 967 480 sed
985 423 1086 481 abilin
1106 426 1173 479 Λη-

106 491 169 539 tunc
178 486 339 549 ierosolymis
349 488 456 549 agebant
467 507 474 538 r
487 487 531 537 sed
541 488 591 538 abii
604 491 630 538 in
643 492 707 539 Ara·
729 506 1173 561 biam·02110mmrerersussum

105 555 225 616 bism,et
239 554 301 605 hine
317 568 433 606 reversus
446 569 504 606 sum
515 556 694 609 Damascum.v
730 547 920 638 Damascumi
1069 563 1072 567 ’

100 729 288 851 ώιῖιῐὼῦῗᾱευὲ
298 733 326 851 iifl
341 744 386 851 rae⁵
393 730 582 792 benevolentia,
591 742 633 781 me
645 734 708 781 tunc
716 731 816 782 hostem
825 709 1172 794 sunm,misericordlterro·

105 812 154 851 sav
179 837 186 851 .
243 815 257 850 e
289 807 361 852 c.9.
389 837 397 851 .

139 877 169 926 ill
178 877 338 927 revelares...
349 876 492 938 Filiumqne
503 890 597 938 snum,
613 888 690 938 quem
712 879 830 938 ignorans
844 875 1029 939 persequebar,
1043 876 1170 936 cognitam

35 976 40 987 =
105 947 170 999 milri
181 948 422 998 iecitzrerelatione
432 948 519 999 divina
535 951 651 998 animam
672 960 757 998 meam
775 947 931 1008 illustrante,
942 945 1040 998 etddei
1053 947 1169 1010 mysteria

105 1017 211 1069 docente
221 1055 230 1076 ,
240 1023 270 1069 ut
286 1017 483 1079 iiiumgentibus
495 1018 669 1081 predicarem.

135 1087 206 1151 Apud
222 1100 305 1137 saeros
316 1091 432 1136 auctores
448 1100 500 1137 non
515 1086 580 1137 bend
600 1089 699 1136 constat
713 1086 815 1148 quando
830 1085 896 1137 tacta
912 1086 960 1137 luit
976 1085 1032 1138 hee
1045 1084 1168 1150 Evangelii

104 1156 241 1207 revelatio:
257 1157 286 1206 D.
302 1157 470 1218 Hieronymus
488 1160 560 1220 putat
575 1158 603 1205 in
617 1158 708 1206 itinere
723 1157 854 1215 Damasei;
868 1157 898 1206 D.
914 1156 1026 1206 'ihomas
1044 1157 1074 1206 ln
1090 1156 1168 1208 triduo

105 1227 235 1287 nequeam
248 1225 307 1280 aiii.
325 1229 350 1274 et
367 1224 430 1274 torte
445 1224 616 1288 probabilius,
635 1228 769 1288 postquam
781 1224 876 1275 Paulas
888 1224 938 1275 init
948 1224 980 1274 ab
990 1224 1095 1275 Ananis
1108 1230 1168 1275 cate

105 1292 218 1345 cbimtus
231 1298 256 1344 et
266 1295 414 1358 baptizatus.
457 1358 461 1365 Ι

137 1369 255 1420 metiari
266 1385 317 1418 eoo
329 1368 446 1431 eeqrrieoi
456 1368 530 1419 emme·
544 1373 567 1419 et
578 1366 708 1433 renarrat.
716 1369 772 1433 syr.
784 1372 870 1420 statim
882 1382 933 1419 non
944 1368 1053 1433 pateieci
1066 1370 1167 1421 earniot

83 1475 86 1479 -
105 1441 231 1501 sangnini.
240 1438 315 1488 Arab.
330 1453 382 1489 non
395 1438 535 1500 significavi
546 1438 615 1502 apud
628 1451 732 1490 caruem
746 1443 770 1489 et
784 1441 945 1502 sanguinem.

134 1514 313 1574 Nonoeqaieoi
323 1551 329 1567 .
341 1513 367 1561 id
380 1517 431 1573 est,
443 1525 495 1562 non
509 1513 621 1574 contuli,
639 1526 691 1562 nou
703 1514 892 1564 communicavi
907 1525 967 1562 cum
980 1523 1059 1563 carne
1073 1515 1100 1564 et
1113 1525 1165 1563 snu-

104 1584 181 1646 guine
195 1601 201 1630 ε
216 1594 260 1630 seu
281 1581 380 1631 nullum
400 1581 470 1641 adii,
485 1581 583 1631 consilii
604 1581 719 1644 capiendi
738 1583 839 1644 matida
856 1581 905 1632 hoc
925 1581 1053 1643 significat
1065 1581 1165 1631 verbum

104 1663 214 1714 gracum
227 1667 234 1698 r
246 1650 307 1700 bine
318 1649 381 1700 iliud
394 1653 478 1714 ipsum
490 1656 575 1701 noster
587 1653 725 1715 interpres,
737 1664 794 1715 cap.
806 1653 835 1709 2,
845 1664 873 1701 n.
884 1654 899 1701 6
909 1651 1000 1712 ,vertit
1010 1670 1019 1701 r
1030 1648 1104 1703 llilril
1113 1662 1164 1702 ecr-

105 1720 224 1771 tuleram.

134 1788 227 1839 Sensus
242 1791 326 1851 itaque
340 1791 377 1839 est
391 1809 398 1840 r
411 1791 497 1840 statim
510 1792 535 1839 et
552 1791 607 1838 sine
623 1801 712 1850 mora,
725 1788 799 1839 ilium
818 1789 911 1848 ubique
928 1790 1084 1840 annuntiavi
1095 1787 1163 1854 (ride

98 1858 159 1910 det.
170 1863 184 1909 9
195 1897 201 1919 ,
214 1873 239 1908 n.
252 1863 282 1910 20
291 1859 316 1922 J,
332 1858 476 1908 inconsulto
491 1858 603 1922 quolibet
614 1857 714 1909 mortali
724 1893 732 1918 ,
742 1857 886 1919 nulliusque
896 1857 1011 1908 hominis
1024 1861 1099 1923 capto
1108 1870 1162 1908 con·

104 1927 174 1989 silio,
190 1932 235 1978 ant
248 1928 334 1978 audita
345 1928 471 1978 doctrina.

82 1990 88 2001 ¹
133 2000 188 2049 lion
203 2002 305 2061 quaesivi
323 2000 355 2048 ab
371 1999 518 2048 hominibus
537 2013 571 2049 en
584 1999 635 2049 Deo
646 1996 788 2062 parendum
805 2000 884 2060 essetr
900 1996 946 2048 sed
964 1995 1086 2049 obediens
1100 1995 1161 2056 Deo,

104 2070 190 2122 lesum
201 2073 286 2120 statim
302 2070 396 2130 ubique
407 2070 551 2132 predicari.

133 2145 189 2194 Non
203 2145 317 2206 acquievi
332 2145 404 2193 corni
417 2149 440 2192 et
454 2145 582 2205 seoquini.

133 2212 197 2263 Caro
208 2220 233 2262 et
246 2216 346 2274 sanguis
360 2213 402 2261 hic
413 2213 481 2262 recte
497 2213 622 2274 siguificat
635 2212 765 2276 Apostolos
775 2250 781 2274 ‚
791 2216 889 2263 nature
901 2213 1071 2274 cognomento
1079 2210 1161 2264 eosde-

104 2284 206 2344 signans
222 2301 228 2330 ι
243 2281 311 2343 quod
326 2284 347 2331 si
361 2282 409 2331 hoc
420 2283 497 2331 sentit
512 2281 543 2330 de
553 2283 654 2331 eunctis
664 2282 827 2342 hominibus,
836 2293 883 2331 nos
892 2292 945 2330 non
956 2280 1158 2344 conuadicimus,

104 2353 141 2402 ait
151 2351 181 2401 D.
193 2352 265 2402 ioan.
275 2351 476 2413 chrysostomus.

134 2428 216 2489 Neque
228 2429 285 2476 oeni
296 2425 510 2489 lerosolymam...
519 2424 581 2476 Vide
591 2427 775 2490 paraphrasim.

134 2501 183 2550 Sed
196 2500 251 2550 obii
260 2502 289 2549 ie
299 2500 439 2558 Arabiam,
451 2504 474 2549 et
490 2500 582 2549 iterem
593 2515 774 2550 reseratorum
789 2502 951 2551 Damascum.

132 2570 269 2619 Damascus
279 2575 341 2619 tunc
357 2573 411 2618 erat
424 2569 470 2618 suh
485 2568 596 2618 Arabum
608 2583 684 2631 regno
695 2606 702 2629 ,
712 2571 749 2619 ait
759 2569 871 2620 Grotius.

132 2640 161 2691 D.
174 2641 267 2691 Paulus
281 2653 333 2690 nou
346 2640 408 2690 dicit
418 2639 533 2702 expresse
545 2639 577 2688 ad
591 2640 651 2700 quid
663 2643 720 2689 ierit
731 2643 757 2689 in
770 2640 902 2699 Arabiam,
913 2640 939 2688 et
949 2636 982 2688 ad
994 2637 1057 2700 quid
1066 2639 1160 2688 Damas·

102 2724 161 2762 curn
174 2711 275 2759 redierit
284 2730 291 2770 ;
310 2710 354 2759 sed
370 2723 400 2759 er
414 2723 441 2759 n.
461 2712 506 2768 16,
520 2709 563 2756 ubi
577 2708 641 2758 dicit
656 2723 682 2758 se
700 2712 802 2768 statim,
821 2709 876 2757 sine
895 2720 984 2768 mora,
1000 2709 1106 2770 coepisse
1120 2715 1160 2754 suo

102 2792 208 2828 munere
218 2778 287 2840 iungi
297 2816 304 2838 ,
316 2779 415 2826 videtur
429 2777 542 2826 indicare
553 2778 614 2826 satis
624 2777 706 2838 ,quod
719 2790 748 2825 ex
763 2780 824 2825 tnnc
837 2777 929 2836 ubique
945 2774 1160 2836 predicarerii,ei

101 2849 129 2897 in
143 2849 242 2906 Arabia,
255 2854 279 2896 et
288 2848 417 2907 Damasei,
427 2850 452 2894 et
462 2847 489 2894 in
500 2844 563 2895 loeis
572 2846 692 2895 Damasco
700 2847 821 2909 proximis
829 2865 838 2906 ς
852 2842 1103 2906 idque,inconsultis
1111 2842 1160 2904 qui·

101 2916 209 2967 buslibet
222 2916 380 2966 mortalibus.

132 2987 160 3036 id
171 2989 247 3035 etiam
257 2986 326 3045 sequi
338 2984 438 3032 videtur
449 2996 479 3033 ex
492 2983 602 3046 Apostoli
612 2996 701 3045 scopo,
715 2985 759 3044 qni
770 2983 823 3033 hac
837 2983 922 3032 omnia
934 2981 1029 3043 retest,
1044 2986 1072 3032 ut
1081 2980 1160 3049 probet

101 3055 169 3116 quod
179 3056 193 3103 A
203 3053 273 3102 nullo
289 3052 406 3113 ApostoIo
417 3054 450 3100 sit
459 3051 562 3101 edoctus
574 3057 619 3100 aut
634 3055 740 3112 missus,
749 3051 808 3101 edm
821 3051 996 3113 predicarent
1011 3051 1104 3114 ubique
1117 3061 1160 3100 an·

100 3129 202 3183 tequam
216 3121 295 3168 nilum
310 3120 402 3169 viderit
415 3120 571 3180 Apostolum.

131 3192 234 3240 Videtur
248 3195 272 3238 et
291 3190 316 3238 id
333 3201 478 3252 expressum
489 3191 524 3259 'in
536 3190 604 3239 Actis
615 3189 701 3252 Apost.
716 3202 771 3251 cap.
784 3193 808 3239 9.
821 3192 860 3239 io.
872 3191 904 3238 El
915 3188 1034 3239 conlinab
1045 3191 1073 3241 in
1084 3190 1160 3253 Sqno·

101 3261 173 3324 poris
186 3260 348 3321 predicabat.

130 3330 160 3379 D.
170 3329 249 3379 Lucas
259 3330 336 3389 hujus
351 3331 376 3379 in
387 3328 506 3379 Arabiam
517 3329 616 3377 itinerIs
627 3332 783 3377 mentionem
794 3341 845 3378 non
859 3327 920 3378 tacit
932 3347 938 3376 ι
948 3328 1013 3378 torte
1024 3330 1086 3390 qnia
1094 3324 1158 3376 Pauli

101 3411 184 3450 eomes
200 3412 250 3447 uon
268 3403 334 3458 erat;
351 3399 413 3447 torte
429 3400 488 3459 quia
508 3399 535 3445 iu
551 3399 641 3447 Arabia
655 3398 720 3446 nibil
731 3396 910 3446 aeeiditPauio
924 3396 1090 3448 memorabile
1105 3392 1158 3445 :rel

100 3468 218 3531 potidser
228 3468 348 3518 modestia
358 3468 448 3518 Paulus
457 3479 503 3517 sua
514 3466 632 3529 praeciara
643 3467 709 3516 iacta
720 3479 772 3514 non
780 3468 1014 3524 commemoratam
1021 3466 1052 3516 D.
1060 3465 1158 3529 Chryso·

100 3543 206 3589 stemus.

131 3607 179 3656 Sed
189 3646 196 3668 ‚
205 3609 316 3670 inquies,
330 3609 385 3659 Aet.
395 3612 462 3666 D‚n.
473 3609 517 3667 26,
527 3606 627 3656 videtur
640 3604 708 3667 quod
718 3606 804 3655 statim
815 3609 871 3668 post
884 3607 1078 3657 conversionem
1091 3615 1157 3656 suam

99 3676 193 3726 Paulus
201 3676 321 3727 Damasco
333 3677 423 3738 ingerit
436 3674 626 3736 lerosolymam.

130 3745 203 3808 Resp.
217 3760 275 3796 cum
292 3747 398 3795 Barouio
416 3744 482 3803 qubd
501 3745 600 3792 sibene
616 3743 712 3803 legatur
730 3741 801 3791 loeus
819 3742 861 3792 ille
879 3741 1019 3803 Actorum,
1030 3744 1157 3795 conveniet

100 3827 159 3863 cum
171 3813 218 3862 hoc
232 3813 377 3862 Galatarum
391 3825 398 3857 z
416 3813 442 3858 iu
458 3809 527 3859 Actis
540 3813 610 3859 enim
627 3823 679 3859 non
693 3811 786 3859 dieitur
803 3809 870 3871 quod
883 3813 970 3860 statim
984 3816 1041 3874 post
1056 3824 1155 3863 eonver-

100 3890 213 3942 sionem;
226 3882 270 3931 sed
283 3887 339 3944 port
352 3880 403 3928 dies
416 3878 508 3927 maltos
521 3899 529 3926 .·
541 3879 650 3938 scilicet,
659 3885 715 3941 port
728 3893 806 3928 aanor
820 3883 921 3938 tres,nt
936 3879 980 3929 hic
996 3879 1100 3931 dicitur.

131 3954 250 4008 norman
268 3967 301 4006 rr
320 3963 544 4013 irrennremrmr.
555 3976 587 3988 -
597 3951 674 4002 Porro
689 3952 718 4003 D.
739 3951 933 4018 chrysostomus
949 3956 1078 4022 sapienter
1090 3954 1155 4009 nont
