2512 4424
370 242 542 297 tutatrix
560 248 784 303 uxrosiiie.
805 208 885 305 cti.
905 255 943 305 tl.
1134 254 1187 309 aab

159 333 205 385 ie.
236 334 335 401 Legem
371 339 566 393 mandatorum
618 341 708 404 Legem
718 343 1186 407 Moysis‚coeremonlaliamultatuau-

123 405 245 459 decretis
257 423 394 464 evacuans
398 430 406 477 3
541 436 556 464 s
588 409 703 472 dautem,
715 425 760 476 per
771 417 915 477 evangeliea
928 416 1044 478 dogmata
1058 417 1184 480 abolevit3

121 489 154 534 ut
168 483 241 537 duos
253 488 356 541 condat
375 490 403 542 itt
416 494 565 560 semetipso
618 495 650 545 Ut
674 496 737 545 duos
762 498 885 559 populos,
913 499 1011 549 iudaeos
1036 499 1133 550 seilicet
1159 505 1185 551 st

121 559 253 616 inunum
265 579 368 619 novum
378 567 533 638 bominem,
587 565 749 626 Gentes,per
764 570 887 615 unitatem
905 566 962 616 tidel
972 604 979 626 ,
991 569 1017 615 iu
1033 571 1183 630 semetipso,

587 635 664 683 unico
694 632 811 683 Ecclesiae
841 637 936 696 capite,
961 649 1042 685 unum
1076 649 1183 701 corpus,

167 750 173 762 ,
589 714 719 763 titiumque
738 714 835 752 novum
852 701 984 753 bominem
1000 702 1119 755 formaret
1128 725 1137 765 ;
1157 709 1184 757 at

118 748 226 804 faciens
246 766 355 822 pacem,
588 769 654 818 factd
667 781 743 831 pace,

616 835 709 885 Ambos
723 835 829 899 populos
840 838 868 886 iu
885 848 937 886 uuo
947 848 1052 901 corpore
1063 837 1183 889 motata

586 904 730 955 reconciliet
741 905 791 954 lieo

115 1089 241 1152 populum
253 1109 260 1140 s
277 1090 309 1140 ob
323 1090 389 1154 leges
403 1097 473 1144 enim
489 1100 513 1145 et
525 1096 651 1147 diversam
662 1096 764 1146 vivendi
776 1097 900 1147 rationem
911 1094 990 1147 iudaei
1001 1094 1106 1147 oderant
1116 1094 1182 1146 Gou-

115 1159 188 1217 tiles,
200 1164 226 1208 et
240 1161 295 1209 vice
307 1164 378 1212 versa
389 1163 499 1214 Gentiles
510 1165 614 1215 oderant
628 1165 735 1216 iudaeos.
775 1179 780 1188 ’

147 1232 265 1290 soluens,
284 1233 351 1286 bano
367 1236 447 1298 legam
466 1239 583 1289 Gbristus
600 1242 711 1290 morlens
728 1239 857 1301 dissolvit,
875 1239 1026 1300 abrogavit:
1042 1241 1179 1289 sicautem

113 1301 207 1362 solvit,
218 1305 249 1351 ut
258 1305 284 1352 et
292 1303 444 1367 adimplesti.

146 1369 227 1419 Solvit
237 1373 338 1422 umbras
347 1372 408 1435 legis
424 1375 620 1437 caeremonialis,
633 1380 659 1426 et
673 1376 750 1426 simul
767 1376 913 1438 adimplevit
931 1373 1070 1424 exhibendo
1085 1377 1179 1425 verita·

112 1441 168 1488 tem
179 1451 188 1487 s
199 1440 266 1488 siout
276 1441 357 1502 pictor
370 1443 502 1503 imponens
513 1444 630 1494 ultimam
641 1457 746 1493 manum
758 1446 894 1506 imaginem
904 1442 1007 1506 impiet,
1021 1442 1065 1492 sed
1077 1444 1179 1493 umbras

112 1511 140 1556 et
156 1509 265 1570 primam
281 1508 475 1558 delineationem
486 1510 568 1571 delet,
583 1512 620 1560 ait
631 1511 841 1574 Tbeopbylaetus.

144 1589 336 1638 incercessio.

145 1656 175 1704 lu
190 1656 354 1705 victimarum
375 1659 498 1717 sanguina
512 1657 604 1706 ioedera
617 1660 710 1709 sanciri
724 1657 853 1718 solebsut;
865 1658 979 1709 Ghristus
993 1670 1040 1709 euo
1055 1661 1178 1720 sauguine

112 1727 215 1788 proprio
231 1727 378 1775 iuimicitias
395 1727 532 1786 destruxit,
548 1726 629 1776 ioedus
647 1732 672 1776 et
691 1740 780 1789 pacem
800 1729 908 1776 sancivit
924 1743 931 1776 s
947 1730 1000 1789 ipss
1016 1731 1054 1776 est
1073 1731 1176 1778 victima

111 1807 169 1855 qum
178 1807 225 1842 nos
238 1794 288 1843 lieo
300 1795 473 1844 reconciliavit
485 1799 511 1844 et
525 1808 582 1855 qua
597 1807 685 1845 omnes
695 1796 812 1845 homines
826 1797 852 1843 ln
868 1808 919 1843 uno
930 1808 1034 1857 corpore
1044 1796 1175 1847 adunavit.

143 1861 236 1922 Quanti
256 1875 313 1924 ergo
329 1862 450 1912 debemus
465 1862 547 1912 lacera
563 1867 668 1924 paoem!
682 1863 743 1924 quid
760 1875 813 1912 nou
826 1862 946 1913 debemus
963 1865 1032 1925 pati,
1048 1875 1082 1912 ne
1101 1865 1176 1928 eulpa

112 1932 200 1980 nostra
212 1929 323 1980 solvatur
336 1943 401 1994 pax,
414 1933 441 1980 iu
455 1931 547 1980 Christi
557 1933 679 1992 sanguine
692 1933 809 1980 sancita?

144 2020 183 2067 ib.
199 2018 285 2079 lepem
299 2020 517 2068 mundatorum...
536 2019 646 2068 decretis.
666 2018 709 2067 Gr.
725 2020 752 2066 in
774 2017 941 2077 dogmatibus.
960 2017 1016 2079 Syr.
1035 2017 1174 2081 Legemque

111 2092 294 2149 praceptorum
303 2089 434 2149 preceptis
447 2088 501 2136 suis
512 2088 649 2148 abrogavit.
660 2085 735 2136 drab.
743 2086 823 2146 legem
834 2085 1061 2148 mandatorumper
1073 2087 1173 2139 decreta

111 2168 157 2204 sua
168 2154 310 2214 abrogavit.

140 2224 256 2286 Explicat
266 2226 322 2284 quis
333 2224 409 2274 luerit
419 2237 510 2275 murus
518 2224 618 2276 ludaeos
629 2230 655 2275 et
667 2224 777 2274 Gentiles
788 2235 920 2286 separans,
932 2225 957 2271 et
967 2234 1023 2284 qua
1035 2223 1112 2274 luerit
1122 2227 1173 2275 iui-

109 2293 372 2350 micittarum-causa,
389 2294 513 2343 nimirum
520 2293 569 2361 len
578 2293 685 2342 llosalca
698 2312 705 2352 ;
720 2293 752 2342 ob
765 2292 831 2342 banc
847 2293 916 2343 enlm
930 2290 1010 2340 ludet
1023 2293 1173 2354 spernebant

108 2360 238 2422 Gentiles,
252 2365 277 2411 et
288 2362 397 2412 Gentiles
407 2361 511 2412 oderant
521 2363 635 2423 ludaeos,
646 2363 718 2423 quasi
729 2362 744 2410 i
756 2362 885 2411 communi
896 2360 1010 2421 gentium
1022 2359 1075 2423 lege
1082 2361 1172 2410 abbor-

108 2434 204 2481 rentes.

138 2501 211 2551 liano
226 2506 312 2550 autem
325 2501 405 2563 legem
415 2501 529 2551 cbristus
541 2502 671 2564 preceptis
685 2502 737 2552 suis
750 2501 867 2551 abolevit.

138 2568 183 2618 Gr.
196 2569 220 2614 ts
232 2566 345 2630 δόγμασι,
360 2573 387 2620 ln
403 2570 569 2630 dogmatibus.

136 2638 224 2688 Utitur
234 2637 356 2700 dogmatis
372 2641 489 2696 uomina,
498 2638 561 2689 forte
576 2640 635 2699 qtria
651 2635 738 2689 scribit
748 2636 781 2686 ad
793 2635 914 2701 Ephesios
924 2638 950 2686 lu
962 2634 1169 2699 pbilosophorum

104 2709 209 2771 scriptis
219 2711 330 2758 versatos
342 2727 350 2756 ε
363 2707 453 2768 dogma
463 2712 549 2757 autem
561 2721 609 2759 vox
621 2710 660 2756 est
670 2706 788 2768 frequens
797 2705 864 2769 apud
875 2704 1036 2767 philosophos
1046 2703 1079 2753 ad
1091 2705 1169 2764 sigui-

104 2777 234 2828 fleandam
250 2777 402 2828 doctrinam.

139 2853 169 2901 ilc
188 2855 252 2901 duos
269 2854 370 2909 condat,
383 2852 409 2901 ld
427 2856 477 2912 est,
494 2852 541 2902 boc
556 2851 607 2900 iiue
628 2850 706 2912 legem
720 2853 831 2898 veterem
844 2847 988 2909 abrogavit,
1000 2849 1029 2894 ut
1041 2844 1104 2894 duos
1120 2857 1168 2907 po-

103 2920 196 2985 pulos,
208 2920 307 2970 iussos
318 2924 343 2970 et
356 2921 466 2971 Gentiles
483 2923 511 2970 ln
523 2922 669 2982 semetipsos
685 2921 807 2978 insertos,
817 2919 885 2967 creet
900 2917 927 2964 ln
942 2926 1023 2964 uuum
1037 2915 1108 2974 quasi
1120 2913 1167 2962 bo-

103 2991 213 3039 minem.

133 3078 207 3126 Nora
223 3088 417 3126 cisrenanis-
429 3078 516 3139 Legem
526 3077 706 3126 mendatorum
717 3075 745 3123 in
756 3074 858 3122 decretb
868 3083 1001 3120 ceccaum.

135 3147 258 3203 Erasmus
269 3158 344 3205 quern
355 3149 457 3194 secutus
470 3150 507 3195 est
520 3145 653 3206 Gajetauus
663 3179 670 3203 ,
681 3144 777 3204 jungit,
789 3141 843 3191 baeo
858 3140 948 3197 verba,
958 3138 986 3185 in
999 3137 1112 3194 deceta,
1121 3148 1166 3186 seu

100 3218 130 3266 ln
146 3215 321 3277 dogmatibus,
335 3228 395 3264 cum
412 3215 479 3275 iilis,
494 3216 571 3278 legem
583 3215 775 3268 mandatorum,
787 3212 873 3270 sicque
888 3208 1084 3268 interpretatur:

134 3291 224 3351 Legem
234 3290 458 3346 mandatorum
469 3289 569 3337 decretis
583 3289 667 3347 sitam,
677 3285 805 3346 abrogavit
813 3303 821 3344 ;
829 3283 900 3343 quasi
913 3280 1007 3329 diceret
1016 3277 1163 3340 Apostolus:

98 3359 194 3420 Legem
207 3358 305 3418 bloysl,
319 3368 375 3418 ques
395 3355 587 3405 multitudinem
606 3355 764 3405 decretorum
776 3348 992 3402 ceremonialium
1005 3346 1164 3404 continebat,

97 3427 270 3546 abffigaasvll‘ium
289 3495 439 3542 temeritatis
456 3492 586 3543 insimulat
605 3492 705 3551 listins,
729 3492 789 3550 quia
807 3499 895 3539 omues
912 3486 1028 3547 antiqui,
1048 3485 1126 3534 Greci
1141 3487 1166 3530 et

97 3565 199 3623 Latini,
214 3561 362 3622 disjungunt
379 3572 435 3621 quae
458 3560 534 3609 simul
551 3559 635 3620 jungit
653 3558 786 3616 Erasmus,
804 3558 830 3604 et
849 3565 894 3616 per
910 3552 1010 3602 decreta
1024 3551 1167 3610 intelligunt

97 3629 248 3692 evangelica
267 3629 391 3690 dogmata.

129 3699 227 3750 Revera
242 3701 267 3746 et
280 3697 382 3759 Syriaca
392 3699 416 3745 et
427 3695 531 3746 Arabica
543 3696 670 3743 versiones
681 3696 716 3742 tta
725 3690 901 3743 traduxerunt.
916 3689 979 3738 Vide
996 3685 1079 3747 supra.

128 3768 159 3817 i).
173 3767 367 3828 Gbrysostomus
377 3764 510 3824 ,Photius,
523 3762 709 3821 Ollcumenius,
722 3758 941 3821 Theomnastus,
952 3753 1118 3804 Theodoretus
1129 3750 1165 3796 ita

95 3836 259 3897 interpretati
274 3836 342 3881 sunt.

128 3905 270 3966 Gaguoeus,
279 3914 310 3950 ex
321 3903 374 3963 ipso
388 3899 475 3950 Graeco
492 3895 641 3956 ostendito
649 3893 748 3954 δόγμασι
759 3893 916 3956 significare,
927 3898 971 3949 iter
985 3882 1107 3941 wemma·
