2512 4424
362 289 534 347 intebea
550 295 774 356 EXPOSlTlo.
793 302 874 357 cis.
894 305 935 356 ll.
1121 306 1176 360 189

115 376 231 434 ludaeos
252 381 305 448 sis,
317 386 454 453 gentiliter
467 387 557 456 viris,
580 392 665 443 risum
683 396 736 456 ast,
754 399 885 448 communi
905 410 965 449 eum
979 395 1100 448 Gentibus
1117 397 1173 448 cibo

115 463 142 510 et
174 471 236 510 uon
265 457 393 526 judaice,
416 466 559 531 quoamdo
581 463 752 515 indiderentcr
772 468 897 526 mecerin
919 479 966 515 cur
992 463 1105 528 exemplo
1128 469 1174 516 tue

116 535 219 590 Gentes
229 539 306 608 cogis
314 542 455 609 Judaizara
465 545 480 599 ς)
581 538 674 587 invitas
686 539 711 586 et
726 537 794 597 cogis
804 533 896 586 Gentes
904 534 1052 597 ludahami

116 651 1174 685 w

113 714 311 778 dedignarentur
321 723 637 791 maioresipostertorlbus
644 732 748 793 corrigi,
758 728 834 792 quim
844 721 1173 788 Paulus,quoconddenter

112 783 238 837 auderent
259 790 371 841 minores
392 798 546 862 majoribus,
566 814 612 865 pro
629 800 785 851 detendenda
807 800 929 857 veritate,
949 794 1018 846 salrd
1033 793 1172 852 charitate,

111 856 247 906 resisteres
260 856 289 908 h.
301 858 365 920 Aug.
375 866 446 924 epist.
461 868 493 916 ad
507 869 575 920 liter.
589 872 682 920 citatus
692 871 707 918 d
718 867 859 919 cornelios
875 864 977 927 Lapide-

139 924 214 976 lianc
227 925 440 992 objurgationem,
453 942 537 998 pastor
553 952 599 1002 pro
612 940 692 990 salute
706 941 746 988 sut
759 939 838 1000 gregis
851 931 1015 984 libentissime
1028 930 1149 981 sustinuit
1163 946 1170 977 ι

109 1006 157 1112 ἕω
174 995 334 1113 οὓῂᾶιςαίοτο
347 1001 517 1056 admirabilior
529 1013 554 1058 et
566 1008 600 1059 ad
615 1009 768 1060 imitandum
782 1004 907 1056 difficilior
919 1022 926 1053 ε
938 1002 967 1053 b.
983 1001 1139 1064 Augustinus
1155 997 1171 1046 A

129 1076 219 1113 romon
237 1077 253 1114 o
268 1067 368 1117 citatus.

139 1133 223 1196 Huius
234 1139 319 1185 autem
336 1141 372 1188 rei
386 1144 450 1194 ratio
468 1145 568 1196 ridetur
580 1159 647 1206 esse,
659 1145 725 1208 quod
738 1148 821 1195 rarius
834 1149 859 1194 et
874 1140 1000 1192 didicilins
1012 1140 1046 1189 sit
1056 1138 1171 1188 invenire

108 1199 258 1263 praelatum,
269 1207 314 1265 qui
327 1206 342 1256 d
358 1210 457 1263 subdito
473 1217 562 1275 corrigi
578 1228 631 1264 non
639 1214 788 1277 dedignetur
796 1250 804 1275 ,
813 1214 891 1275 quam
903 1212 1013 1274 reperire
1024 1206 1169 1266 subditum,

108 1269 151 1328 qui
163 1273 320 1332 superiorem
331 1276 422 1326 audeat
435 1284 567 1342 corrigere.

138 1336 193 1387 Hoc
211 1341 297 1389 umen
315 1342 466 1396 humilitatis
488 1350 649 1413 exemplum,
666 1350 770 1412 Petrus,
783 1353 868 1414 pastor
885 1352 1031 1411 pastorum,
1042 1344 1088 1394 toti
1101 1342 1171 1394 dedii

108 1404 228 1456 Eccleeie
237 1427 245 1467 ;
257 1411 439 1475 reprehensus,
459 1418 486 1466 in
502 1431 578 1468 snum
594 1424 779 1481 correctorem,
793 1432 844 1468 non
857 1417 931 1467 modo
947 1428 999 1465 non
1019 1412 1168 1472 excanduit3

107 1475 151 1524 sed
161 1512 168 1536 ,
179 1480 208 1526 ut
217 1479 254 1526 alt
267 1478 482 1546 theophylactus,
496 1491 679 1539 correctionem
697 1502 768 1551 aequo
781 1490 890 1550 suscepit
903 1488 998 1536 animo.

137 1546 228 1597 'lacuit
240 1548 344 1610 Petrus,
357 1557 386 1601 ut
400 1557 443 1615 qui
459 1559 556 1619 primus
572 1563 626 1608 ernt
641 1561 667 1610 in
684 1558 836 1623 apostolatus
851 1556 962 1608 culmine
972 1593 980 1617 ,
991 1555 1089 1618 primns
1103 1553 1168 1602 esset

105 1617 134 1666 ln
148 1615 314 1669 humilitate:
329 1620 358 1670 h.
372 1621 473 1686 Gregor.
486 1626 556 1677 hom.
570 1632 597 1678 18
612 1631 638 1678 in
650 1628 815 1679 Ezechielem.

135 1684 246 1736 Felicem
260 1700 318 1748 ergo
336 1690 451 1744 dicamus
464 1696 565 1756 quidem
577 1697 693 1759 Petrum,
704 1699 748 1760 qul
759 1696 844 1759 lapsus
858 1692 980 1745 zelantem
994 1693 1085 1756 reperii
1098 1690 1167 1741 Pnu-

104 1752 177 1815 lum,
189 1757 234 1816 qui
248 1755 385 1808 christiani
397 1761 519 1813 charitate
530 1765 660 1814 revelaret.

135 1826 168 1873 nt
181 1837 234 1873 non
247 1826 333 1876 minus
350 1828 448 1880 felicem
464 1832 579 1883 dicamus
597 1834 703 1884 Paulum
713 1872 719 1894 ‚
731 1835 775 1896 qui
793 1835 947 1896 superiorem
966 1832 1107 1892 corrigens,
1118 1827 1165 1877 Pe·

102 1897 174 1941 trum
188 1894 287 1944 invenlt
299 1896 439 1960 humilem,
451 1903 495 1962 qui
507 1906 689 1952 correctionem
705 1915 776 1964 equo
787 1907 811 1951 et
822 1906 891 1963 grato
902 1901 1012 1963 suseepti
1021 1900 1118 1948 animo.

132 1960 243 2012 Felicem
255 1964 363 2027 denique
373 1968 489 2019 dicamus
501 1971 654 2033 Ecclesiam,
667 1984 723 2033 quae
735 1970 871 2034 apostolici
882 1970 907 2020 S.
919 1967 990 2018 Pauli
1001 1967 1129 2028 libertate,
1138 1968 1164 2014 et

102 2030 254 2084 admiranda
264 2034 290 2085 S.
306 2036 388 2098 Petri,
399 2043 506 2101 postoris
522 2044 577 2101 sni,
587 2041 749 2103 humilitate,
761 2054 849 2105 pacem
859 2045 884 2090 et
894 2038 1022 2100 Evangelii
1031 2039 1163 2086 veritatem

102 2103 213 2151 semovit
223 2121 231 2162 ;
242 2107 267 2152 et
280 2107 307 2153 in
319 2105 358 2155 his
370 2107 467 2158 duobus
480 2110 604 2172 Apostolis
617 2111 707 2161 habult
720 2111 847 2174 exempta,
857 2114 912 2159 tum
924 2108 1087 2169 humititatis,
1096 2104 1164 2170 quod

102 2171 239 2221 imitentur
249 2173 344 2234 praelati
355 2195 363 2236 ;
374 2180 428 2226 tum
441 2178 579 2242 libertatis,
594 2181 661 2242 quod
673 2183 804 2230 imitentur
815 2179 918 2229 subditi.

131 2255 264 2304 Arranmx
279 2270 408 2314 nucusous
420 2263 653 2313 uterorum—Hoc
670 2263 765 2314 iactum
782 2263 847 2312 Petri
865 2262 990 2324 gentiliter
1003 2273 1062 2312 eum
1074 2259 1163 2310 Genti·

101 2320 168 2372 libus
180 2324 291 2374 virentis
301 2347 307 2385 ;
318 2327 370 2375 hnc
384 2331 448 2378 ratio
461 2332 477 2379 A
489 2331 519 2381 h.
532 2331 610 2382 Paulo
623 2333 725 2382 Petrum
737 2332 975 2395 contrementium
988 2331 1041 2380 hoec
1055 2330 1083 2379 h.
1096 2329 1162 2379 Petri

101 2391 178 2443 Paulo
192 2405 220 2442 se
235 2399 369 2457 corrigenti
388 2401 483 2462 cessio,
500 2414 603 2452 omnem
621 2404 709 2453 debuit
725 2404 740 2454 d
758 2403 851 2454 Galatis
866 2403 1015 2465 scrupulum
1028 2410 1161 2458 amovere,

102 2461 201 2524 illisque
213 2463 355 2515 doctrinam
371 2467 442 2517 Pauli
462 2483 565 2533 sanam,
579 2471 750 2534 evangehcum
768 2476 792 2522 et
807 2472 865 2522 vere
882 2469 1044 2534 apostolicam
1057 2468 1162 2518 demon·
1246 2509 1252 2519 ,

101 2536 190 2583 strare.
712 2549 714 2554 ’

127 2602 178 2653 iiec
190 2604 262 2652 enlm
279 2603 416 2666 quidquam
433 2607 521 2659 Petrus
535 2610 684 2660 contradicti
693 2630 700 2670 ;
716 2608 783 2658 unde
796 2607 902 2671 plenum
922 2611 959 2658 est
973 2604 1041 2668 quod
1059 2605 1160 2667 opposi-

101 2674 196 2722 tionem
208 2671 279 2722 Pauli
292 2684 362 2734 aequo
374 2678 460 2726 animo
475 2680 613 2740 susceperit
626 2697 633 2728 ε
646 2677 855 2741 Theophylactus.

127 2742 219 2792 Petrus
232 2741 331 2791 silentio
346 2743 411 2792 dicta
428 2746 560 2796 conssrmot
572 2766 578 2796 ε
589 2747 779 2796 Theodoretusz

126 2809 237 2859 Adverte
249 2816 335 2859 autem
348 2817 372 2861 et
387 2817 445 2862 nota
460 2827 618 2876 progressum
635 2816 758 2864 sermonis
772 2811 908 2877 npostoliei.

125 2877 231 2939 Primo,
243 2881 352 2929 ostendit
368 2894 394 2930 se
407 2883 438 2932 ab
454 2885 507 2946 ipso
521 2884 620 2933 Christo
635 2885 741 2933 homino
753 2882 898 2946 Apostolum
914 2881 990 2931 luisse
1005 2881 1158 2928 institutum.

126 2947 262 3008 Secundo,
276 2961 349 2997 suam
365 2950 506 3002 doctrinam
524 2954 555 3002 de
568 2956 762 3003 circumcisions
779 2953 895 3014 abrogata
914 2955 939 3000 et
951 2949 1092 2999 Gentilibus
1108 2960 1160 2996 non

99 3016 268 3080 imponenda,
280 3018 305 3065 in
319 3019 425 3067 concilio
436 3020 641 3082 ierosolymitano
653 3022 729 3071 inisse
741 3021 925 3071 contlrmatam.
936 3017 973 3067 Ab
984 3015 1160 3081 Apostolorum

98 3087 227 3148 prhnariis
241 3097 269 3134 se
284 3087 310 3134 in
327 3086 478 3148 apostolatus
492 3091 589 3139 socium
602 3096 732 3154 receptum
747 3090 834 3140 inisse.

125 3155 256 3216 Tandem,
272 3154 391 3206 doctrine
406 3168 458 3206 sue
472 3161 607 3221 paritatem
623 3164 648 3209 ct
663 3173 736 3209 snam
752 3162 779 3209 in
800 3159 868 3208 illius
889 3158 995 3206 veritate
1014 3153 1160 3204 ilrmltatem

96 3229 121 3276 et
140 3227 329 3286 constantiam,
347 3227 456 3277 ostendit
470 3241 501 3279 ox
516 3242 545 3280 eo
561 3228 628 3291 quod
648 3230 750 3280 Petrum
769 3232 870 3292 ipsum,
886 3239 947 3276 cum
961 3223 1055 3275 iudeis
1074 3223 1160 3283 iudai·

96 3301 211 3355 tantem,
220 3292 322 3357 publice
336 3298 454 3356 arguerit.

123 3365 168 3414 liis
179 3376 239 3426 ergo
253 3365 341 3426 positis
357 3365 389 3413 ad
400 3365 541 3416 calumnias
554 3366 698 3418 relumndas
711 3367 857 3418 necessariis
867 3365 937 3424 ,iam
947 3360 1089 3423 aggreditur
1101 3357 1161 3420 legis

95 3434 285 3496 &rogationem
298 3434 413 3496 probare.

123 3503 217 3552 Probat
226 3506 314 3551 autem
325 3538 332 3562 ,
345 3503 427 3564 primo
439 3517 469 3553 er
480 3503 541 3566 legis
552 3506 730 3555 insufficientia
741 3503 773 3554 ad
787 3499 977 3563 justificandum
988 3517 995 3559 ς
1008 3500 1094 3558 utpote
1104 3507 1160 3556 qun

95 3572 213 3620 instituta
229 3576 299 3630 eret,
311 3583 364 3619 non
379 3571 412 3620 ad
425 3572 534 3622 dandam
546 3575 685 3634 justitiam,
700 3573 743 3622 sed
756 3571 788 3621 ad
801 3568 995 3631 signihcandum
1009 3564 1160 3645 ot'ssgurnn-

95 3641 156 3690 dom
172 3639 320 3700 Christum,
334 3653 467 3703 perquem
482 3647 535 3692 erat
550 3647 712 3705 peccatorum
725 3640 838 3692 remissio
852 3642 877 3688 et
889 3649 949 3688 rem
962 3639 1060 3696 justina
1074 3631 1160 3680 conic-

94 3711 182 3760 reuda.

125 3779 212 3840 itaque
228 3778 279 3827 dici
302 3779 384 3840 potest
403 3777 470 3839 quid
492 3786 547 3841 post
569 3779 662 3829 nrnltas
677 3778 708 3828 de
728 3777 794 3828 iacto
809 3771 1044 3848 probationesius
1057 3764 1160 3813 tandem

95 3845 185 3908 alleget
198 3849 226 3898 ln
240 3858 290 3908 quo
307 3845 368 3906 legis
382 3845 508 3908 abrogatio
522 3849 655 3908 tundatur,
667 3847 727 3908 legis
745 3847 869 3896 nimirum
884 3839 1097 3922 insulticrcnttam·

125 3914 178 3965 lioc
192 3919 281 3965 autem
298 3913 390 3976 dogma
402 3917 439 3965 sic
454 3916 560 3980 allegat,
571 3924 600 3969 ut
610 3931 641 3968 ex
650 3929 680 3969 eo
692 3916 831 3969 mundum
840 3905 994 3976 impossibile
1002 3904 1088 3953 wilm
1099 3909 1160 3946 ⁸⁰⁰³

97 3983 251 4034 adversarios
266 3981 384 4033 deducat.
