2512 4424
260 307 271 325 ι
327 285 496 337 TRIPLEX
514 288 735 342 expositio.
756 289 838 343 GAP.
858 289 908 342 IV.
1109 290 1145 344 59

99 424 1138 464 mmmfflssssssssssssssssssssssssssfflssssm

247 553 505 637 ANALYSIS
534 555 741 639 CAPITIS
769 557 985 660 QUARTI.

534 720 685 734 .-

95 770 170 865 Sosrr
183 818 356 874 suorumque
371 809 541 877 collegarum
552 810 757 874 defensionem,
780 814 877 864 contra
894 810 1145 878 pseudoapostolo·

95 903 146 942 rum
158 889 328 956 calumnias,
342 891 381 944 ita
397 891 463 946 texit
477 893 506 945 in
526 893 579 947 hoc
592 893 699 960 capite,
719 897 751 946 ut
766 898 793 946 et
805 905 854 946 eos
872 892 984 958 oblique
998 895 1143 960 percutiat.

121 973 145 1042 i.
157 976 185 1038 l,
197 974 224 1039 2,
236 977 253 1027 5
263 977 291 1026 et
300 976 328 1027 i.
341 976 408 1026 Tam
420 974 570 1042 gloriosum
582 977 768 1031 ministerium
778 1015 786 1040 ,
795 989 846 1042 per
859 975 908 1028 bei
928 975 1145 1031 miscricordiam

96 1055 244 1121 consecuti,
258 1056 288 1108 in
299 1069 334 1110 co
353 1056 494 1124 fungendo
506 1073 563 1112 non
575 1059 776 1126 pigrescimus;
792 1072 845 1111 neo
863 1058 1018 1124 quidquam
1029 1073 1063 1112 eo
1076 1060 1145 1113 indi·

96 1153 184 1207 mum,
197 1145 247 1193 aut
263 1145 346 1206 turpe
362 1141 431 1208 quid
443 1143 570 1210 agimus,
588 1143 673 1196 etiam
684 1143 791 1196 occulte
800 1159 808 1207 ;
817 1142 873 1194 aed
885 1142 976 1204 caste,
992 1141 1100 1195 sincere
1117 1148 1145 1195 et

96 1222 157 1276 claro
177 1224 357 1291 Evangelium
374 1224 479 1292 ubique
498 1225 700 1292 praedicamus3
715 1226 753 1278 ita
772 1231 816 1290 ut,
831 1225 854 1277 si
867 1224 1035 1290 quibusdam
1055 1225 1145 1279 adbuc

98 1305 126 1358 sit
134 1305 272 1374 ignotum,
286 1307 391 1359 malitia
402 1308 496 1372 caecis,
511 1308 641 1362 stridere
656 1309 832 1372 nolentibus,
853 1308 887 1360 sit
905 1308 1039 1374 ignotum.

122 1388 178 1457 pb
194 1394 222 1444 et
239 1391 267 1442 o.
284 1393 318 1442 in
334 1389 387 1444 bac
404 1396 496 1444 autem
513 1390 723 1457 praedicatione,
737 1405 794 1443 non
811 1396 953 1453 nostram,
974 1390 1024 1444 sed
1036 1391 1145 1444 bomini

99 1471 172 1525 nostri
188 1474 255 1527 iesu
275 1472 377 1526 Christi
392 1473 506 1541 gloriam
519 1475 685 1541 quaerimus,
701 1488 759 1526 non
779 1473 916 1527 dominari
936 1473 1079 1538 fidelibus,
1096 1473 1146 1526 sed
1236 1512 1239 1521 .

99 1553 131 1606 eis
147 1555 303 1609 ministrare
315 1556 453 1609 ambimus
467 1573 474 1610 r
488 1557 588 1624 idque,
603 1563 633 1610 ut
645 1557 694 1610 Dei
714 1556 741 1608 iu
757 1570 810 1608 nos
820 1555 1018 1609 misericordia
1029 1569 1146 1623 respon-

101 1635 213 1705 deamus;
236 1639 286 1706 qui
307 1639 379 1691 sicut
398 1639 463 1692 olim
475 1641 489 1692 d
502 1639 624 1692 tenebris
638 1639 731 1707 abyssi
750 1639 840 1692 lucem
860 1639 969 1703 eduxit,
983 1651 1046 1705 quae
1061 1652 1146 1691 mun-

102 1718 154 1773 dum
165 1721 347 1787 illuminaret,
360 1722 397 1775 ila
415 1728 522 1775 mentes
534 1728 656 1787 nostras,
668 1720 745 1788 prilrs
760 1722 939 1786 tenebrosas,
952 1735 1002 1788 per
1013 1722 1145 1787 Spiritum

103 1816 169 1856 suum
179 1805 356 1870 illuminavit,
367 1812 399 1858 ut
408 1805 477 1859 aiios
489 1804 602 1858 scientia
614 1810 641 1858 et
651 1805 810 1872 cognitione
820 1805 915 1873 gloriae
928 1817 986 1857 suae
1000 1803 1144 1857 inebriato

104 1885 170 1952 visae,
180 1888 408 1942 illuminaremus.
1028 1943 1042 1958 ,

129 1969 152 2036 i.
168 1974 193 2024 7.
205 1975 286 2025 Hunc
296 1978 391 2025 autern
402 1970 522 2025 coelestis
540 1971 653 2024 luminis
665 1977 692 2024 et
705 1972 800 2038 gratiae
820 1970 979 2023 thesaurum
995 1970 1024 2022 in
1043 1968 1146 2032 nobis,

106 2053 162 2104 vasis
173 2055 298 2107 testaceis
311 2061 338 2108 et
351 2054 508 2121 fragilibus,
524 2055 653 2117 inclusit,
668 2059 698 2106 ut
707 2054 732 2106 ei
743 2053 795 2106 soli
807 2053 944 2105 tribuatur
956 2050 1048 2104 omnis
1058 2051 1145 2103 nostri

107 2134 231 2190 ministerii
248 2137 346 2205 gloria.

131 2217 153 2285 i.
164 2222 188 2272 8.
201 2221 260 2283 Qud
272 2220 428 2288 fragiliores
446 2235 559 2288 sumus,
573 2222 608 2275 eb
623 2218 724 2275 claribs
735 2225 850 2287 apparet
870 2213 900 2271 nr
918 2218 1000 2271 nobis
1011 2217 1071 2284 ejus
1083 2230 1146 2270 om-

106 2299 238 2366 nipotentia
259 2303 348 2356 :binc
365 2304 490 2371 undique
508 2305 612 2371 pressi,
638 2317 695 2357 non
719 2303 922 2371 angustiamur;
939 2301 1075 2368 aporiati,
1088 2313 1146 2352 non
1205 2353 1209 2359 ,

108 2381 278 2441 destituamur.

131 2467 266 2536 ΝΜΟ,
285 2473 332 2523 ii.
353 2468 497 2523 Continuis
518 2470 611 2539 agitati
626 2468 885 2538 persecutionibus,
904 2467 1058 2533 evadimus;
1077 2481 1147 2534 pro·

52 2546 54 2617 ζ
108 2551 181 2617 strati,
193 2567 250 2606 non
271 2553 415 2620 perimus;
430 2553 604 2618 mortificati,
624 2569 682 2609 non
700 2554 854 2606 morimur:
872 2552 967 2618 sicque
986 2549 1078 2602 divini
1095 2562 1147 2600 nos

88 2697 91 2703 Ι
109 2634 403 2704 nnanantepolentia
413 2677 421 2702 ,
432 2643 549 2691 mortem
562 2638 643 2690 simul
656 2643 683 2691 et
695 2635 928 2690 resurrectionem
939 2631 1049 2685 Domini
1060 2631 1147 2684 nostri

108 2715 158 2771 lesu
167 2719 280 2784 Gbristi,
292 2719 417 2786 quddam
432 2719 611 2781 similitudine
622 2725 869 2786 repraesentamus,
882 2716 934 2766 iric
946 2713 1042 2766 nostra
1059 2719 1148 2764 morte

110 2799 173 2855 simul
187 2804 291 2857 atrita.

132 2886 217 2955 ltaque
229 2886 267 2941 ob
277 2885 457 2954 brangeiinm
465 2886 596 2942 continue
607 2886 759 2949 morimur;
770 2888 799 2934 at
808 2878 903 2933 nostri
914 2875 1051 2943 corporali
1061 2881 1149 2929 morto

109 2967 264 3032 spiritualiter
275 2969 381 3034 vivitis,
393 2969 421 3038 i.
435 2971 479 3021 ta.

133 3051 154 3120 i.
165 3056 206 3108 ta.
225 3050 382 3117 caeterdm,
397 3066 454 3106 non
465 3051 639 3105 obstantibus
650 3055 692 3104 tot
703 3046 835 3116 periculis
853 3051 881 3099 et
894 3042 1046 3108 mortibus,
1064 3039 1150 3094 liberi

110 3138 181 3190 tamen
191 3145 219 3192 et
234 3137 369 3191 audacter
389 3135 587 3202 praedicamus,
604 3135 669 3202 quia
684 3133 749 3186 verb
760 3129 917 3192 credimus;
934 3128 1006 3180 sicut
1017 3125 1053 3178 de
1063 3123 1150 3177 David

109 3219 219 3286 mptum
238 3227 305 3275 ast:
322 3217 453 3282 Credidi,
467 3218 530 3271 ideo
544 3218 654 3271 locutus
666 3230 728 3269 sum
746 3220 775 3266 et
786 3213 898 3278 loquor.

133 3301 207 3370 W·
223 3302 390 3367 Credimus,
405 3301 535 3368 inquam,
550 3307 577 3355 et
592 3301 646 3353 tide
662 3295 817 3352 certissima
832 3293 910 3360 quod
928 3294 1018 3354 Deus,
1035 3290 1083 3357 qui
1094 3291 1152 3341 bo-

111 3384 194 3440 minum
205 3392 334 3442 nostrum
346 3387 441 3440 iesum
455 3398 507 3452 pro
520 3386 602 3438 nobis
614 3383 737 3437 occisum
751 3377 894 3432 suscitavit
906 3375 923 3427 a
935 3379 1042 3436 morte;
1062 3376 1152 3462 etnos

110 3476 200 3536 liopter
209 3474 307 3529 lesum
325 3469 434 3522 occisos
446 3468 603 3533 suscitabit,
617 3476 727 3532 nosque
742 3460 911 3522 vobiscum,
925 3456 960 3509 ad
973 3466 1045 3521 quos
1060 3464 1152 3505 omnia

110 3557 182 3609 lisina
193 3555 361 3610 ordinantur
376 3551 546 3617 ministeria,
561 3551 589 3603 in
601 3564 653 3603 suo
665 3560 752 3616 regno
768 3541 927 3597 collocabit.
1129 3613 1135 3625 ⁸

133 3634 155 3702 i.
165 3641 206 3692 ro.
220 3634 293 3693 Hinc
304 3652 364 3692 nou
378 3626 522 3690 deficimus
540 3635 570 3687 in
582 3632 724 3694 adversis,
740 3627 793 3682 sed
805 3637 886 3678 mens
904 3625 998 3674 nostra
1011 3617 1041 3670 iit
1059 3619 1153 3705 quou-

111 3711 142 3769 ile
150 3723 264 3789 vegetior
280 3720 369 3787 :quia
390 3719 444 3771 ilde
456 3719 559 3771 scimus
582 3716 659 3784 quod
675 3716 875 3767 momentanea
893 3710 922 3758 ct
932 3703 999 3756 levis
1017 3698 1153 3752 tribulatio

109 3802 727 3872 llrstnobisgloriamintinitametaeternam.
1130 3831 1141 3846 ..

134 3880 209 3952 Mil.
233 3889 304 3942 ideo
324 3885 362 3939 ad
381 3885 526 3952 praesentia
548 3888 576 3936 et
593 3882 709 3934 visibilia
725 3887 791 3947 quae
812 3865 981 3961 lempoiaflss
1004 3864 1081 3919 Sum>
1097 3864 1155 3902 ”⁰¹¹

111 3973 260 4040 ilitiamus,
275 3969 329 4025 sed
342 3967 380 4022 ad
398 3966 488 4021 lutura
500 3970 527 4022 et
539 3964 687 4020 invisibilia
699 3971 765 4035 qum
780 3952 922 4011 durabunt
937 3960 966 4000 ιιι
977 3944 1120 3998 aternum·
