2512 4424
336 254 508 311 unietux
530 256 758 315 expostulo.
780 261 862 316 CAP.
882 262 932 316 IV.
1131 267 1168 321 ib

132 347 401 406 rememorationem
413 354 544 420 patimur,
598 353 731 405 Continuis
752 358 838 418 agitati
862 355 1095 419 persecutionibus,
1116 357 1167 410 lieo

99 424 149 479 sed
163 439 223 478 non
239 425 462 494 derelinquirnur
475 446 482 482 :
496 431 546 484 (ιρ-
569 429 720 488 protegente,
732 427 863 478 evadimus
873 429 1021 497 3prostrait,
1033 439 1085 476 non
1098 426 1168 479 heu-

100 501 225 572 ticimur,
240 503 292 556 sed
301 518 359 559 non
370 507 515 572 perimus:
567 495 660 554 gimur.

132 582 179 633 ιθ.
202 581 322 647 Semper
352 582 545 638 mortificatio·
598 582 799 636 indesinentibus
811 588 900 637 mortis
910 585 1166 649 periculis,mortour

100 669 162 710 nem
182 659 250 711 iesu
264 657 295 710 in
309 670 429 726 corpore
446 664 544 715 nostro
568 651 667 701 bomini
686 655 767 703 nostri
780 654 838 704 lesu
851 653 960 713 Christi,
972 654 1082 715 quidum
1092 656 1166 704 simi-

101 732 328 788 cirpumfemnres
335 773 344 802 ‚
567 719 691 781 titudine,
704 724 732 770 iu
754 722 900 784 corporibus
915 724 1008 772 nostris
1023 734 1121 784 semper
1139 725 1166 772 ci

568 788 661 850 ubique
670 791 852 852 exprimimus3

100 843 170 896 oter
189 842 247 896 rita
266 846 335 898 iesu
353 845 544 901 manifestetur
596 860 628 909 ut
641 858 851 920 cessassemus
864 857 1005 921 gloriosam
1019 857 1166 922 corporibus

102 919 127 972 iu
138 921 308 987 corporibus
323 925 437 978 nostrie.
566 935 660 983 nostris
681 925 817 996 aliouundo
833 933 966 984 reueletur.

117 1000 310 1088 41·30¹}1P0f
331 1001 406 1054 1111111
426 1016 480 1055 ¹¹0⁸
494 1003 542 1069 qui
595 1019 645 1070 Nos
656 1021 739 1079 enim,
751 1017 865 1081 quaudiu
877 1020 1085 1078 vivimus,morti
1092 1031 1165 1081 prop

102 1085 224 1140 1111111111»
237 1090 267 1128 ιιι
274 1083 395 1130 moriem
408 1080 543 1132 tradimur
565 1094 604 1139 ter
612 1089 698 1138 lesum
707 1089 871 1151 exponimur,
881 1090 909 1135 ui
919 1091 944 1136 et
953 1090 1005 1137 viis
1016 1087 1165 1137 immortalis

103 1157 211 1220 propter
235 1157 359 1208 lesum:
383 1162 415 1208 ut
434 1161 461 1210 et
486 1158 542 1209 viia
564 1159 624 1207 lesu
642 1161 761 1220 appareat
784 1155 919 1217 aliquando
940 1157 967 1204 in
988 1161 1073 1205 nostre
1089 1167 1165 1206 cerus

103 1231 161 1283 iesu
189 1230 386 1286 manifestetur
405 1232 436 1286 iu
458 1247 543 1289 came
565 1225 756 1286 moriah,chm
766 1224 983 1274 immortalitatem
994 1223 1114 1274 induerit.

104 1313 190 1362 nostra
206 1310 330 1363 mortali.

129 1464 302 1528 moriemur,
317 1466 434 1528 equidem
445 1481 530 1518 rerum
543 1470 659 1531 egentes,
673 1470 699 1517 et
710 1467 808 1518 consilii
823 1469 924 1530 inopes,
936 1466 1061 1517 haeremus
1074 1468 1141 1516 unxit
1153 1485 1160 1515 ι

106 1535 351 1653 ἓιθῖθᾙιίιιειιιιωιιιο
361 1536 468 1599 anulio,
484 1537 573 1589 solatio
589 1542 614 1587 et
625 1537 730 1588 consilio
739 1538 852 1587 destituti
862 1574 869 1599 ‚
881 1539 1009 1588 nescimus
1021 1537 1082 1599 quid
1091 1549 1163 1600 agero

130 1672 216 1792 hpffria
234 1639 273 1723 est
289 1675 376 1737 inopia
392 1677 485 1726 mentis
504 1677 529 1725 et
549 1677 675 1739 corporis,
694 1675 722 1725 id
740 1677 793 1736 esi,
809 1675 916 1738 penuria
931 1687 1017 1725 rerum
1032 1678 1056 1723 et
1076 1677 1162 1738 inopis

109 1753 158 1791 cons
178 1757 204 1792 n.

132 1818 174 1866 Sed
187 1831 239 1868 non
252 1818 413 1870 destituimur
424 1822 452 1870 in
469 1819 518 1870 buc
529 1822 614 1882 uporia
626 1839 633 1881 3
647 1820 706 1881 quta
720 1819 836 1870 divinum
850 1819 923 1869 nobis
932 1817 1003 1868 adest
1015 1817 1137 1868 auxilium
1152 1856 1159 1879 ,

108 1883 212 1934 solatium
228 1889 255 1936 et
266 1887 419 1948 consilium,
432 1889 476 1938 ubi
489 1889 581 1938 desunt
593 1888 716 1937 humana.

129 1952 271 2004 Ambrosius
287 1955 363 2005 habet
378 1974 386 2007 ε
399 1958 512 2019 inopiam
528 1959 595 2020 passi
605 1993 613 2018 ,
625 1955 669 2006 sed
689 1969 741 2005 non
755 1955 867 2006 destituti
876 1977 884 2018 3
900 1956 996 2018 idest,
1016 1957 1115 2018 inquit,
1132 1959 1159 2005 ln

110 2020 180 2084 iuopia
193 2024 284 2085 positis
296 2024 378 2073 udiutt
388 2029 473 2087 pastor
482 2025 557 2075 Deus.

131 2105 553 2168 i.1²ersecuriommpatimur,ab
569 2106 731 2168 bominibus,
747 2108 790 2155 sed
799 2119 849 2157 nou
864 2106 1060 2168 derelinquimur
1075 2107 1158 2157 hbeo.

132 2174 267 2236 dejicimur
286 2177 313 2224 in
337 2179 445 2237 terram,
462 2174 708 2227 humanh'malitiisr
725 2178 768 2227 sed
788 2189 838 2227 non
854 2177 984 2238 perimus,
998 2178 1058 2239 qnia
1073 2177 1158 2227 diviua

109 2245 205 2304 potentia
220 2245 352 2305 erigimur.

132 2312 172 2361 vel
185 2324 215 2362 ex
226 2310 279 2360 nito
292 2312 483 2373 precipimmur
493 2348 501 2374 ,
512 2324 572 2362 resa
592 2310 680 2361 totilla
695 2315 720 2362 et
734 2315 857 2373 testaceu3
868 2316 894 2362 at
904 2313 955 2363 lieo
970 2326 1075 2362 monum
1086 2326 1159 2363 suam

109 2387 270 2445 supponente,
284 2393 338 2431 nou
350 2379 508 2444 inungimur,
522 2395 586 2443 nec,
601 2383 645 2444 qul
660 2383 688 2431 in
710 2383 782 2433 uobis
793 2383 938 2432 reconditus
955 2389 992 2433 est
1003 2383 1136 2432 thesaurus
1150 2420 1157 2444 ,

109 2451 244 2501 effunditur.

132 2540 164 2586 10.
180 2537 285 2598 Semper
298 2535 516 2598 mortificationem
519 2570 566 2586 .....
589 2538 718 2587 continuis
731 2536 850 2599 perleulis
865 2540 891 2586 et
900 2537 1024 2587 mortibus
1039 2539 1156 2600 expositi,

108 2608 236 2666 potonem
252 2607 278 2654 et
289 2610 398 2654 moriem
416 2605 517 2655 bomini
532 2608 611 2656 nostri
620 2606 696 2667 lesu,
709 2609 736 2655 in
756 2607 902 2668 corporibus
921 2609 1013 2655 nostris
1025 2619 1122 2668 semper
1133 2613 1158 2654 et

109 2674 187 2736 ubique
209 2674 421 2738 circumferimus.
434 2674 490 2739 Syr.
513 2675 665 2738 bajulamus.
685 2676 759 2726 trau.
778 2675 1155 2739 p01·tumus3idest,quidum

108 2744 263 2795 sinihtudine
278 2746 452 2808 exprimimus.

95 2816 98 2822 '
130 2821 155 2871 iil
166 2826 189 2870 el
211 2819 326 2882 ejusdem
346 2818 447 2869 Domini
462 2821 522 2871 Jeeu
536 2823 591 2872 cito
609 2820 715 2884 gloriosa
726 2858 733 2883 ,
744 2833 821 2882 quam
837 2832 906 2869 nune
922 2818 1010 2879 babel,
1022 2820 1050 2868 iu
1072 2833 1158 2882 corpo-

106 2888 165 2938 ribus
179 2890 274 2940 uostris
291 2888 428 2950 aliquando
455 2890 588 2940 reueletur.
608 2891 712 2951 Quando
733 2890 883 2952 reformabit
899 2901 990 2952 corpus
1006 2888 1157 2939 humititatis

105 2963 198 3017 surra,
210 2958 398 3021 multpuromm
409 2960 511 3022 corpori
527 2959 651 3010 claritatis
659 2975 720 3009 sure.

127 3025 204 3077 Potest
217 3030 244 3077 et
259 3026 325 3088 dici,
343 3029 436 3077 nostris
453 3029 577 3078 mortibus
594 3031 738 3089 continuis,
755 3031 863 3078 mortem
878 3028 977 3077 Domini
991 3027 1049 3093 lesu
1066 3038 1156 3090 repres-

104 3102 221 3148 senismus
230 3117 238 3158 3
251 3099 276 3146 et
298 3100 384 3147 nostro
402 3097 516 3147 emostis
532 3097 645 3149 faucibus
661 3101 729 3148 exitu
750 3098 800 3149 iere
816 3101 951 3159 continno,
967 3099 1155 3148 resurrectionis

104 3162 183 3217 christi
195 3168 307 3230 speciem
318 3167 465 3217 exhibemus
481 3185 488 3217 ε
507 3168 541 3217 itu
552 3167 581 3216 li.
598 3167 803 3231 chrysostomus,
813 3167 1031 3230 theophylactus,
1046 3172 1093 3217 etc.

128 3254 162 3300 it.
177 3251 282 3312 Semper
290 3249 356 3300 enim
371 3264 434 3310 nos,
450 3251 496 3312 qui
507 3250 656 3300 vivimus...
671 3251 784 3313 quandiu
802 3253 871 3299 enim
884 3252 995 3299 sivimus
1006 3287 1013 3310 ,
1025 3253 1100 3299 morti
1114 3263 1156 3300 ex·
1201 3236 1206 3256 ¹

102 3322 209 3378 ponimur
219 3320 323 3382 propter
336 3317 435 3380 lesum,
446 3323 475 3368 ut
486 3318 621 3381 aliquando
633 3322 687 3379 vita
698 3320 757 3369 lesu
771 3323 863 3368 esterna
875 3323 899 3367 ei
911 3318 1059 3368 immortalis
1077 3333 1156 3382 uppu-

102 3391 145 3436 rest
158 3389 185 3437 in
195 3391 283 3437 nostra
296 3399 373 3437 cerne
388 3386 488 3436 mortali
500 3425 506 3448 ,
518 3388 618 3449 quando
632 3389 728 3439 scilicet
738 3426 745 3448 ,
757 3387 972 3437 immortalitatem
988 3387 1154 3439 induerimus.

125 3454 165 3505 iel
177 3456 235 3506 ideo
256 3457 334 3505 morti
350 3469 447 3518 semper
462 3455 605 3517 tradimur,
622 3461 741 3506 ettamen
764 3460 886 3516 vivimus,
904 3460 932 3505 ut
945 3458 972 3504 tn
986 3459 1059 3507 nobis
1078 3471 1156 3520 appa·

100 3524 225 3588 mequod
239 3523 355 3574 Christus
373 3525 480 3575 surrexit
492 3529 517 3574 et
533 3526 595 3574 vivit
610 3543 617 3575 ε
632 3539 680 3577 nec
698 3530 767 3577 enim
786 3540 832 3576 uos
852 3528 879 3575 in
891 3530 929 3577 tot
943 3527 1066 3576 mortibus
1085 3530 1155 3578 rivos

99 3597 216 3654 erraret,
231 3593 283 3642 nisi
296 3593 400 3642 viveret.

125 3676 461 3727 discriminemus·
475 3676 539 3726 ilinc
555 3681 580 3727 et
595 3681 637 3737 tu,
659 3690 703 3727 ves
721 3679 874 3740 testaceum,
886 3678 954 3728 disce
973 3677 1153 3742 christianum,

98 3745 260 3806 apostolicum
270 3763 278 3803 3
290 3743 455 3805 motuumque
468 3745 578 3808 potiendi
592 3746 705 3796 modum.
867 3759 871 3767 “

122 3811 224 3862 Pressas
244 3804 359 3872 undique
372 3812 463 3873 malis,
480 3827 527 3863 nec
545 3817 694 3874 coarcteris,
713 3825 758 3863 seu
777 3826 809 3862 ne
831 3814 976 3873 suffoceris3
993 3818 1104 3863 mentem
1125 3818 1153 3865 iu

96 3877 169 3945 mum
187 3883 274 3941 eleva,
287 3880 368 3931 heum
383 3886 408 3930 ie
422 3882 549 3933 videntem
561 3921 568 3944 ,
581 3885 744 3948 primumque
760 3882 885 3935 maiorum
903 3888 1005 3933 tuorum
1023 3885 1153 3932 auctorem

95 3948 168 4001 adore
178 3986 186 4013 ,
198 3953 224 3999 et
236 3947 312 4000 corde
323 3947 418 4000 iiducid
430 3948 505 4012 pleno
512 3985 521 4013 ,
534 3951 633 4002 invoco.
