2512 4424
107 249 160 303 252
400 250 606 306 uiisuoim
625 257 673 307 iu
690 255 871 308 cinaris

135 345 168 394 ut
182 347 219 394 sle
237 345 406 408 adimplebitis
426 346 506 409 legem
522 348 631 408 Christi,
647 361 703 410 quse
727 356 755 402 et
787 352 828 404 sic
863 347 1050 416 adimplebitis
1076 347 1163 415 legem

105 418 158 463 tota
172 419 209 464 esi
220 414 251 463 de
263 415 405 465 dilectione.
728 426 837 479 Christi.

136 484 199 531 iiam
210 485 253 543 qui
266 483 297 532 ‘¹0
315 497 341 533 ὅθ
356 485 462 547 militib&
477 487 559 549 sapit,
571 485 666 547 allium
677 499 704 534 ὅθ
761 507 789 556 5.
799 505 866 554 liam
880 502 975 569 siquis
985 499 1121 553 existimat
1135 511 1163 550 se

106 553 265 611 existimans,
277 555 329 614 ipse
344 556 454 616 seipsum
472 550 654 616 seducit,quia
665 567 704 602 re-
726 579 833 645 ,ffiquid
850 593 926 641 ΒΜ,
944 576 1009 630 epm
1026 576 1095 628 „111st
1114 575 1161 638 sit,

56 617 64 632 ‘
106 621 165 669 reri
176 622 240 669 nihil
251 629 298 671 est.
728 657 787 721 ipse
798 671 829 708 se
840 655 958 708 seducit·

136 706 211 762 Facta
222 727 268 763 sua
280 717 386 776 quisque
395 719 522 764 scrutetur
536 720 561 765 et
572 717 703 778 expendat,
761 737 788 785 4·
805 735 881 798 0pus
896 738 990 784 autem
1001 743 1085 783 „uum
1102 742 1163 796 pso.

106 793 158 830 non
171 794 216 844 per
228 782 440 845 comparationem
450 784 482 833 ad
493 783 603 832 aliorum
622 784 703 844 lacta,
727 816 773 867 bet
784 829 858 866 unus
879 814 921 867 uis
942 827 996 866 ue,

105 847 150 896 sed
164 859 208 909 per
221 855 363 910 respectum
376 849 409 898 ad
424 850 537 911 regulam
554 853 629 907 riter
859 829 877 880 ‘¹
922 828 942 880 q
988 853 996 876 '

135 915 167 964 lit
180 917 201 963 si
214 917 315 977 quidem
328 923 397 967 recta
408 921 434 967 et
446 917 511 968 bona
525 919 568 967 illa
582 921 703 979 inveniat,
727 926 755 973 et
778 921 818 973 sic
836 921 864 972 in
888 919 1039 985 semetipso
1059 914 1161 968 tantum

105 991 167 1036 tunc
185 989 213 1036 in
234 991 389 1038 couscientia
410 1002 457 1039 sua
479 989 612 1051 gaudeblt,
631 993 657 1038 et
676 993 703 1040 in
726 997 981 1066 g10riamhahehit‚

104 1055 211 1106 homino
226 1056 395 1118 gloriabitur:

134 1123 189 1173 lton
214 1130 300 1173 autem
322 1125 468 1186 gloriabitur
490 1127 518 1174 in
550 1124 703 1175 deteriorum
726 1134 822 1180 etuon
835 1126 972 1178 inaltero.

104 1197 301 1256 comparatione.

134 1262 164 1312 ln
180 1263 277 1323 judicio
300 1265 393 1326 quippe
411 1263 456 1313 liei
471 1267 576 1328 quisque
590 1270 704 1328 peccato
761 1269 788 1317 5.
798 1263 995 1328 unusquisque
1006 1260 1084 1313 euim
1096 1272 1162 1314 onus

104 1342 162 1378 rum
173 1343 277 1379 suorum
292 1343 356 1381 onus
369 1333 494 1394 portabit.
507 1338 533 1383 et
546 1339 650 1384 meritas
661 1335 703 1383 de-
727 1357 809 1396 suum
823 1340 954 1407 portabit.

104 1397 170 1448 lictis
183 1412 269 1461 peenas
283 1401 359 1458 ieret,
372 1415 420 1451 nec
431 1402 539 1453 aliomm
550 1406 626 1453 etiam
635 1407 702 1467 pejo-

104 1480 163 1516 rum
173 1471 361 1530 comparatione
376 1470 556 1522 sublevabitur.

133 1616 219 1677 ltaque
232 1629 321 1667 seusus
330 1624 368 1668 est
375 1639 384 1680 3
398 1620 473 1684 lapsis
484 1623 674 1683 compatimini,
688 1624 717 1670 ut
726 1624 754 1669 in
763 1618 920 1683 paraphrasi.

132 1691 166 1740 lit
176 1692 214 1740 sic
226 1693 397 1754 adimpiebitis
398 1728 457 1744 ......
473 1694 516 1744 Gr.
533 1697 606 1744 etsie
618 1694 763 1758 adimplete.
779 1695 852 1742 Notat
863 1693 937 1741 divus
952 1687 1160 1753 Chrysostomos,

103 1762 171 1824 quod
184 1762 277 1812 Paulus
293 1777 345 1812 non
362 1765 425 1813 dixit
436 1782 444 1814 e
457 1762 609 1823 πὶηρὼσατε,
621 1763 739 1825 implete3
751 1763 795 1812 sed
809 1762 1012 1823 αναπληρώσατε,
1024 1761 1100 1810 simui
1110 1772 1158 1809 om·

103 1844 149 1881 nes
158 1831 274 1894 implete,
287 1833 382 1882 scilicet
391 1847 437 1883 vos
452 1836 560 1883 invicem
574 1833 685 1882 terendo.
850 1845 854 1850 ·

132 1911 156 1956 ³.
166 1900 232 1957 Nom
247 1909 272 1956 si
282 1909 339 1970 quie
357 1908 512 1958 enitimur...

131 1976 183 2026 lloc
195 1980 282 2026 eontra
293 1974 412 2039 superbos
425 1982 449 2027 ei
459 1977 521 2026 durd
537 1980 669 2039 arguentes
680 1976 782 2027 dicitur.

132 2052 157 2100 t.
171 2051 241 2113 Opus
251 2057 335 2100 autem
345 2066 451 2103 suum...

109 2141 114 2149 ·
131 2118 183 2168 lloe
193 2123 280 2168 autern
291 2124 378 2169 contra
389 2121 483 2181 eosqui
493 2123 518 2168 in
531 2118 640 2169 aliorum
652 2121 840 2180 comparatione
848 2156 855 2178 ,
863 2130 926 2180 quos
936 2130 964 2168 se
975 2119 1109 2170 deteriores
1118 2133 1155 2182 pu·

102 2190 175 2247 tant,
188 2186 345 2248 gloriantur,
361 2192 387 2236 et
401 2191 468 2238 sicut
483 2189 637 2249 Pharisaeus,
650 2189 738 2237 dicuni
752 2190 818 2236 intra
832 2201 859 2236 se
875 2189 951 2238 :lion
964 2201 1022 2237 sum
1039 2191 1104 2238 sicut
1118 2202 1157 2238 eo·

103 2256 150 2304 teri
166 2256 305 2305 minum.

132 2324 182 2374 llos
201 2330 229 2374 ut
246 2327 373 2386 corrigat,
395 2332 496 2378 revocat
516 2328 549 2378 ad
566 2331 727 2392 propriorum
745 2327 895 2377 delictorum
909 2327 1155 2376 considerationem:

103 2413 167 2463 opus
183 2414 258 2449 suum
275 2399 372 2462 prebet.
386 2403 437 2449 Sua
457 2397 598 2450 consideret
618 2403 683 2449 iacta
700 2400 727 2447 ln
741 2410 768 2447 se
778 2401 818 2457 ,et
836 2409 881 2458 per
897 2401 1043 2459 respectum
1056 2397 1089 2446 ad
1107 2398 1156 2444 rite

103 2470 227 2532 regulam,
243 2475 269 2519 et
285 2469 318 2519 ad
329 2468 373 2519 liei
384 2471 511 2529 judicium
521 2489 528 2519 ι
540 2470 712 2531 unusquisque
724 2469 790 2516 enim
807 2480 870 2516 onus
885 2480 962 2515 suum
973 2468 1001 2516 ic
1016 2469 1063 2517 liei
1070 2469 1155 2528 judicto

101 2541 223 2602 portabit.

127 2613 637 2677 Etsiciosemetr'psotantdmglorr'um...
779 2674 783 2682 ⁵

131 2682 182 2730 lloc
193 2695 246 2732 non
256 2682 330 2742 dicit,
343 2687 371 2730 ut
389 2683 446 2742 quis
457 2683 485 2731 in
497 2685 631 2744 semetipso
646 2680 782 2743 glorietur;
800 2680 853 2729 imo
870 2680 963 2730 abhoc
979 2681 1081 2731 cohibet
1093 2685 1154 2730 metu

99 2751 189 2811 judicii
201 2752 279 2800 divini
290 2772 297 2812 3
314 2754 371 2812 quis
382 2753 450 2799 enim
468 2755 527 2801 ante
537 2751 617 2800 Deum
632 2753 734 2811 iustus?
745 2755 771 2799 et
785 2753 842 2812 quis
854 2755 914 2800 ante
925 2751 1049 2802 Sauchnn
1062 2757 1155 2801 sancte

102 2834 158 2869 rum
170 2822 261 2870 audeat
278 2821 379 2882 gloriari
397 2820 428 2868 de
442 2823 594 2871 sanctitate?

129 2890 178 2938 Sed
185 2891 234 2939 hoc
247 2890 309 2939 dicit
320 2895 349 2938 ut
356 2889 473 2938 desinant
486 2889 607 2938 adversus
616 2888 679 2938 alios
689 2888 801 2951 gloriari,
811 2893 895 2938 certus
907 2889 975 2949 quod
982 2893 1070 2940 statim
1078 2903 1124 2940 nec
1132 2891 1153 2938 io

101 2962 240 3021 semetipsis
256 2959 446 3020 gloriabuntur,
462 2961 484 3007 si
504 2960 667 3008 meminerint
685 2961 845 3021 propriorum
868 2957 1033 3021 delictorum,
1055 2960 1153 3021 quihus,

100 3027 169 3076 velut
179 3028 277 3077 sarcina
290 3029 402 3087 onerati,
417 3039 502 3075 coram
516 3026 566 3076 heo
584 3027 715 3086 iudicandi
727 3026 919 3087 comparebunt.

132 3103 303 3162 deceptisque
313 3101 429 3150 enim.....
439 3100 487 3150 Gr.
499 3103 630 3163 proprium
643 3112 708 3149 onus
725 3100 844 3162 mutabit.
861 3100 918 3160 syr.
930 3113 1005 3150 suam
1017 3102 1098 3163 ipsIus
1109 3114 1154 3150 sor·

100 3171 184 3217 cinam
193 3168 323 3228 bajulabit.

94 3257 96 3260 ’
129 3250 286 3299 Onsrnvrrro
304 3262 423 3298 uonrrrs.
443 3251 582 3311 -Egregia
602 3251 630 3298 in
645 3249 686 3298 his
700 3251 813 3310 quinque
829 3250 944 3299 versibus
959 3250 1085 3302 habemus
1099 3253 1152 3302 cha·

98 3322 195 3378 rltatis,
207 3320 357 3368 humifitatis
370 3324 394 3367 et
406 3321 626 3380 circonspectionis
638 3319 789 3368 documenta
802 3321 870 3368 circa
880 3319 990 3369 aliorum
1004 3321 1099 3383 lapsus.

128 3388 345 3449 Primh,dehemus
354 3400 383 3436 er
392 3388 513 3438 charitate
524 3388 605 3450 lapsos
616 3400 732 3436 excusare
740 3390 821 3444 ,sicut
834 3393 859 3437 et
871 3390 924 3450 lpse
937 3389 1032 3439 Paulus
1043 3395 1152 3441 excusat:

99 3458 128 3506 Si
139 3457 194 3518 quir
206 3462 422 3518 preoccupatus...
437 3455 500 3504 iorte
512 3458 621 3517 ignorat,
633 3455 696 3504 torte
707 3455 824 3517 abreptus
834 3460 871 3505 est
881 3459 908 3506 ri
918 3460 1084 3519 tentationis,
1098 3457 1152 3509 lorti

98 3524 246 3586 subreptus,
259 3524 322 3572 torte
333 3524 450 3572 seductus
462 3525 477 3572 a
490 3523 616 3583 daemone,
631 3526 748 3582 dcarne,
763 3530 811 3572 etc.
998 3574 1003 3582 ,

127 3593 242 3642 Secundo
252 3591 371 3640 debemus
383 3592 480 3652 lapsum
491 3594 598 3654 erigere,
611 3594 764 3653 instaurare,
774 3605 880 3653 sanare,
892 3595 1021 3643 iustruere
1032 3597 1060 3643 in
1069 3596 1151 3657 spiritu

97 3663 222 3720 lenitatis,
231 3672 291 3709 eum
300 3659 391 3707 aiiectu
404 3662 503 3708 interno
513 3695 520 3718 ,
530 3661 575 3720 qui
584 3661 617 3708 sit
625 3662 696 3721 quasi
706 3660 823 3722 aSpiritu
834 3664 936 3721 sancto,
947 3675 1021 3711 suam
1029 3662 1151 3712 lenitatem

96 3743 140 3792 per
152 3743 180 3779 os
190 3733 305 3777 nostrum
319 3728 464 3787 inspirante.

126 3799 212 3859 ltaque
222 3796 355 3855 corrigenti
370 3795 457 3853 verba,
471 3798 569 3855 gestus,
581 3801 640 3856 etc,
653 3796 875 3846 mansueludinem
886 3800 992 3859 spirent.

127 3865 255 3926 Correptio
265 3865 336 3924 quasi
346 3862 431 3923 pillula
442 3869 480 3910 est
488 3876 583 3923 amara,
596 3865 715 3913 saccharo
726 3871 751 3914 et
761 3864 895 3922 dulcedine
904 3869 972 3918 vocis
983 3866 1147 3918 dulcorando:

98 3931 270 3994 dehocplura
283 3929 704 3995 tideapudCorneliumdhapide.
870 3947 877 3956 ·
