2512 4424
312 242 480 294 sirletus
499 243 721 298 expositio.
742 243 823 298 GAP.
842 245 881 298 11.
1068 246 1124 299 185

61 344 126 384 eum
137 331 286 396 erat,ci1m
297 338 501 404 essetGentilis,
526 337 648 399 Apostolts
665 350 717 387 non
731 337 853 400 placuisse
875 339 903 387 ut
916 334 1027 387 Gentiles
1040 335 1121 398 legem

60 409 224 476 compulsus
235 415 278 464 est
290 411 462 467 circumcidi,
525 409 654 455 servarent
669 425 677 454 a
691 406 779 464 Titus,
800 417 884 456 eomes
907 417 992 464 meus,
1015 403 1121 455 Gentills

525 479 550 522 et
563 476 774 533 incircumcisus,
790 487 842 525 nun
852 474 901 524 iult
915 474 947 522 ab
962 475 998 523 eis
1018 479 1121 523 coactus

525 541 682 591 circumcidi.

93 603 121 654 1.
144 600 203 655 Sed
224 610 339 669 prepter
359 604 503 658 subintro-
554 607 602 657 Sed
614 621 695 670 neque
706 609 738 659 ob
750 608 865 669 inuans,
875 612 919 670 qul
934 608 1120 659 sechristianns

58 678 159 733 ductos
170 679 257 734 taison
265 681 365 736 fratres
376 683 426 750 qui
438 683 502 737 sub.
524 675 691 734 simulabunt,
701 678 795 738 quique
813 677 1002 740 subrepserant,
1015 681 1040 726 at
1055 678 1120 725 insi-

59 757 227 811 ῑῃηοῑθηῃῑ
237 760 503 826 explofafeljbem,
524 742 592 793 diost
607 747 635 794 ln
650 745 789 794 Ecclesiam
805 746 1015 802 subintroierant,
1033 749 1061 793 ut
1075 757 1120 794 ex·

59 841 115 889 rem
133 843 259 889 nostram
272 851 356 904 quam
368 838 502 892 habemus
524 811 650 931 marem
665 814 804 931 libertatern
819 815 852 863 ab
867 814 1039 931 observatgtttlnla
1058 811 1120 872 legis

57 912 86 966 in
111 913 222 1004 &5⁵²⁰
242 917 322 1006 ‘'esf'’
343 921 373 967 m
394 930 447 969 ¹¹⁰⁸
472 917 500 969 1¹¹
523 884 972 1012 illamgtss⁹u¹o¹lt⁸isnerifflrltlff'Eterin
985 886 1118 1011 prisstiffi

58 997 221 1044 munem
233 993 400 1060 mmmm·
523 1020 668 1068 servitutem
685 1032 730 1067 nos
746 1020 895 1081 redigerent.

91 1087 119 1137 5·
130 1083 238 1146 Quibus
249 1098 342 1152 neque
353 1087 389 1139 ad
403 1087 500 1141 horam
553 1084 589 1135 tit
605 1087 676 1149 ilios,
693 1089 813 1149 inquam,
829 1101 877 1138 nee
892 1086 925 1138 ad
940 1093 1116 1145 momentum,

56 1162 194 1215 cessimus
206 1163 393 1228 subjectione,
407 1171 439 1216 ut
455 1178 500 1217 re-
522 1155 660 1217 quidquam
685 1159 807 1207 ⁰⁰S⁸1ffl¹¹³
826 1157 857 1206 ‘1⁰
877 1159 1004 1220 iii⁰li⁰⁸¹i⁰
1026 1158 1117 1205 ¹¹⁰⁸&ss

85 1319 136 1370 Sed
146 1331 224 1381 nemu
239 1318 308 1368 Titus
309 1352 357 1369 .....
369 1319 413 1368 sed
427 1332 508 1382 noque
518 1321 551 1371 ab
562 1319 702 1383 Apostolls.
713 1332 794 1383 neque
807 1321 822 1371 l
835 1321 943 1372 concilio
955 1307 1118 1382 tuosolymi·

54 1393 116 1438 tuuc
126 1425 133 1448 ,
145 1389 217 1437 Titus
227 1400 336 1450 grecus,
353 1394 378 1437 et
390 1392 434 1452 qul
444 1402 546 1442 mecum
556 1391 644 1441 aderat
654 1391 777 1452 concilio,
794 1391 940 1456 compulsus
951 1393 989 1442 est
1006 1391 1117 1440 ciream-

55 1458 157 1589 ei(gland
168 1525 229 1580 aaut
240 1525 458 1576 evidentissimum
468 1531 506 1578 est
516 1530 693 1590 argumentum
704 1528 771 1589 qued
782 1540 884 1581 meeum
898 1530 965 1581 idem
976 1527 1117 1580 sentiebant

56 1599 87 1648 de
98 1598 303 1648 circumcisionis
315 1602 339 1646 et
350 1596 466 1659 legalium
478 1599 511 1649 ad
524 1598 631 1649 salutem
642 1600 788 1650 lnutilltate.

85 1666 134 1717 Sed
145 1667 206 1728 qrria
218 1665 362 1728 responderi
375 1669 471 1729 potarat
481 1666 549 1730 quod
559 1667 622 1717 ierit
635 1668 792 1730 ignoraretur
803 1668 818 1718 d
828 1669 935 1720 eenclllo
944 1670 1028 1720 'iltum
1039 1671 1116 1720 inctr-

55 1737 199 1785 eumclsum
211 1746 281 1792 esse,
298 1732 368 1783 addit
382 1732 493 1784 Paulus:

86 1819 110 1866 1.
122 1819 171 1867 Sed
180 1822 286 1880 propter
298 1816 501 1868 subintroductos
502 1853 551 1869 .....

85 1884 227 1936 lmdmultl
242 1885 394 1947 Jnde1,qni
410 1899 436 1936 sc
451 1886 607 1937 Christianos
624 1886 793 1947 simulabant,
809 1888 836 1936 in
854 1885 993 1937 Ecclesiam
1010 1888 1117 1951 irrepse-

54 1957 128 2011 rant,
140 1957 201 2013 ete,
214 1956 239 2002 et
252 1952 279 2001 ld
292 1954 413 2014 scientes,
425 1955 547 2004 instanter
563 1955 725 2017 surgeremus
738 1956 809 2005 Titus
823 1955 1054 2006 circumcideretur.

85 2023 134 2073 Sed
145 2035 227 2085 neque
244 2022 277 2071 ad
291 2021 317 2071 ld
328 2022 473 2085 compulsus
489 2029 526 2073 est
537 2027 637 2088 propter
648 2023 704 2074 illes
715 2022 790 2074 salsos
799 2023 889 2075 imtres
899 2024 1115 2085 subinneduetos,

55 2095 80 2140 et
90 2091 117 2141 id
127 2093 255 2140 instanter
264 2093 415 2153 expetentes.
568 2126 576 2134 .

84 2161 246 2211 Construetlc
258 2160 378 2208 orationis
394 2163 432 2209 est
447 2159 609 2221 hujusmodl,
626 2163 662 2210 alt
677 2160 879 2225 'theophylactus
894 2179 902 2212 a
916 2161 1001 2224 Neque
1016 2165 1116 2224 propter

55 2230 260 2281 subintroductos
273 2227 348 2278 ialses
363 2228 451 2280 iratres
465 2234 566 2281 coactus
578 2235 615 2279 est
628 2231 699 2281 Titus
710 2232 858 2281 circumcidi
873 2230 939 2281 :hoe
952 2234 1005 2291 est,
1017 2233 1116 2280 etiamsi

54 2300 186 2359 adessent,
201 2301 244 2361 qui
258 2298 450 2349 adversarentur
464 2300 542 2359 milri,
562 2300 673 2363 Apostoli
690 2305 776 2351 tamen
794 2314 826 2352 ne
843 2304 944 2366 prepter
956 2313 998 2351 ecs
1013 2300 1116 2362 quidem

55 2370 194 2431 adegerunt
208 2381 254 2417 nos
264 2368 351 2417 Titum
365 2369 554 2418 circumcidere.

84 2438 279 2498 intelligendum
294 2450 351 2498 ergo
362 2439 434 2498 quasi
450 2443 530 2487 esset=
543 2438 590 2488 Sed
601 2451 633 2489 ne
644 2439 756 2501 quidem.

84 2515 196 2576 Propter
208 2512 286 2575 salsos
298 2511 418 2574 torro...
431 2522 539 2573 querum
552 2514 669 2576 princeps
680 2518 783 2576 putatur
793 2513 870 2563 fulssa
880 2512 1023 2563 Corinthus.

84 2588 228 2650 soporare
245 2587 384 2636 libertatem
396 2591 523 2645 nostram,
537 2587 648 2647 scilicet,
662 2589 676 2636 a
690 2589 808 2636 servitute
819 2586 880 2648 legis
891 2586 1013 2636 linsaleae.

88 2665 173 2723 Quum
181 2661 302 2711 habemus
313 2661 341 2709 io
353 2659 502 2718 Cirtam-ld
512 2664 558 2721 ast,
568 2662 595 2709 ln
606 2660 718 2710 Ecclesia
726 2661 877 2721 christiana,
886 2663 911 2710 et
921 2673 966 2722 per
977 2660 1114 2721 Christum,

55 2735 98 2795 qui
115 2744 178 2790 nos,
192 2731 283 2780 mortis
292 2741 345 2778 sua
356 2731 461 2789 merito,
474 2730 506 2779 ab
519 2729 567 2778 huc
582 2741 657 2799 onere
668 2729 791 2778 liberavit.

85 2802 201 2852 christus
213 2814 259 2863 pre
273 2799 345 2849 nobis
356 2800 480 2859 morlens,
492 2811 579 2848 omnes
592 2800 685 2861 ligurus
698 2804 722 2848 et
733 2798 906 2862 praedictiones
919 2797 1041 2859 implevit.
1052 2799 1116 2849 Con-

55 2871 252 2922 mmmodtmter
265 2868 352 2917 enutio
365 2881 419 2929 quc
430 2868 497 2917 dictu
509 2876 566 2932 suot
580 2871 609 2918 do
618 2869 685 2918 sitio
698 2869 834 2919 hominis...
851 2869 1055 2918 consummatum
1067 2874 1114 2925 est,

55 2940 205 2991 exclamarit
215 2938 326 2988 morlens
342 2955 349 2986 ι
361 2937 459 2997 haeque
468 2939 702 2998 consummatione,
715 2937 800 2998 liguris
812 2938 866 2997 ipsa
877 2937 968 2985 veritas
980 2934 1057 2985 tinam
1064 2935 1115 2991 im·

55 3011 150 3073 posuit.

87 3084 117 3133 Ut
132 3095 178 3130 nos
190 3081 219 3130 iu
233 3081 405 3129 remutetcm...
418 3078 445 3128 id
458 3082 509 3139 est,
521 3080 554 3129 ad
564 3082 683 3142 pristinas
696 3079 756 3142 legis
769 3080 940 3129 observantias
955 3076 1095 3141 redigerent
1106 3097 1113 3129 a

56 3164 121 3203 onus
131 3162 224 3212 grave,
234 3149 301 3211 quod
315 3161 361 3199 nee
374 3161 435 3207 nes,
448 3161 494 3198 nee
505 3154 587 3211 patres
598 3151 677 3198 nostri
690 3153 789 3210 portare
800 3150 939 3210 potuimus.

84 3222 122 3271 lix
139 3220 189 3269 lroc
208 3231 282 3268 uersu
300 3218 368 3268 disce
378 3217 446 3278 qued
458 3219 490 3267 ali
504 3220 577 3268 initio
588 3217 683 3266 luerint
693 3217 748 3266 ialsi
760 3217 865 3277 iratres,
878 3221 903 3265 et
916 3215 983 3277 qued
999 3216 1031 3266 ab
1043 3218 1115 3268 initio

55 3292 82 3340 in
93 3291 234 3340 sanctiores
246 3293 326 3336 coetus
334 3286 452 3336 insidiose
461 3289 615 3349 irrepserint,
621 3290 650 3335 ut
662 3285 803 3348 explorent,
812 3290 840 3334 ut
852 3287 968 3348 eripiant,
979 3289 1008 3334 ut
1016 3291 1115 3338 sanctes

55 3362 190 3411 exerceant
205 3360 230 3405 et
241 3356 355 3419 praelatcs
367 3360 391 3404 et
402 3355 499 3404 iratres.

83 3428 150 3478 ilinc
163 3431 189 3476 ct
204 3427 273 3476 disce
288 3425 355 3488 quod
369 3427 424 3475 ideo
440 3427 473 3476 sit
490 3426 582 3487 ublque
596 3423 770 3486 vigilandum,
783 3422 922 3485 orandum,
933 3425 1114 3485 resistendum

23 3544 26 3551 ,
55 3497 172 3558 nihilque
184 3496 216 3545 ou
231 3494 288 3545 illos
300 3495 473 3547 rotarandum.

86 3582 110 3629 5.
131 3579 231 3638 Quibus
247 3591 325 3639 oeque
340 3579 373 3627 ud
386 3578 504 3627 horam...
513 3578 605 3638 quibus
620 3574 688 3626 ialsls
698 3571 817 3622 iratribus
828 3573 1028 3634 judaizantibus,
1040 3585 1072 3623 ne
1082 3572 1116 3623 ad

55 3652 217 3700 momentum
229 3646 331 3707 quidem
343 3646 442 3709 prodita
457 3645 586 3707 Evangelii
597 3647 702 3695 veritate
713 3646 738 3692 et
746 3641 869 3703 libertate,
879 3642 969 3702 subjici
978 3640 1114 3701 voluimus,

56 3731 117 3768 cum
132 3717 183 3766 illis
197 3714 357 3776 judaimndo.
658 3754 661 3758 r

89 3794 119 3841 Ut
133 3791 228 3841 ueritas
246 3789 408 3850 Evcooelit...
427 3791 452 3837 et
471 3787 571 3837 libertus
587 3787 603 3836 d
625 3787 746 3836 servitute
760 3783 834 3844 legis,
845 3795 922 3843 quam
935 3779 1049 3830 Christus
1068 3791 1115 3829 suo

57 3862 179 3920 sauguine
194 3857 266 3907 voltis
278 3857 409 3918 acquisivit
419 3892 426 3915 ,
436 3855 503 3918 apud
512 3867 558 3905 ros
568 3857 714 3918 permaneat
724 3852 829 3902 illibata.

39 3986 41 3991 ,
86 3928 139 3978 Gur
160 3938 218 3989 ergo
231 3939 291 3989 res,
305 3925 320 3975 ὁ
332 3927 452 3975 insensati
465 3924 579 3975 Galata!
598 3923 818 3974 circumcisionem
833 3918 995 3980 recipientes,
1011 3914 1036 3962 et
1053 3910 1114 3975 legis
