2512 4424
98 246 133 296 sa
157 259 165 267 ·
263 248 446 304 saeuitum
467 249 672 302 nrrsrorra
692 251 741 303 ao
760 237 1001 305 coarararbs

126 339 190 388 llam
211 341 237 388 in
260 341 315 411 boc.
335 342 402 391 luteo
429 355 533 403 corpore
557 346 696 405 gemimus,
754 349 781 399 ᾖ.
793 349 861 399 Nam
875 347 943 400 etin
959 347 1015 399 hoe
1029 338 1156 409 ingemis·

22 450 28 461 ,
98 408 266 460 desiderantes
290 411 552 474 incorruptibilitatem
577 417 602 462 et
629 413 698 462 dotes
720 422 1027 487 cimus‚habirafionem
1039 422 1157 471 nostram

97 478 216 538 gloriosas
230 478 337 528 ecelesiis
348 482 459 543 corporis
469 518 475 540 ,
487 486 610 562 tanquam
623 480 698 530 inclu-
721 513 784 567 quae
799 501 835 554 de
847 501 917 554 coelo
932 491 1157 564 est‚supgfindui

97 550 213 596 mentum
233 547 381 609 superindui
395 567 402 597 ε
414 548 481 608 quod
503 549 606 609 quidem
624 549 698 597 nobis
720 581 887 645 cupientes:

98 619 238 678 continget,
250 620 270 665 si
285 630 331 666 nos
351 630 455 679 corpore
474 619 590 678 restltos,
603 622 627 666 ei
645 631 696 667 non
756 659 781 708 5·
806 655 835 708 Si
858 661 952 707 tamen
975 649 1085 715 vestm,
1104 661 1157 702 non

97 685 180 734 nudos
198 685 368 747 deprehendat
379 685 432 735 dies
443 687 552 735 Domini.
781 730 787 742 ,
805 730 811 742 ,
891 730 898 741 ,

720 730 789 783 nudr
804 742 990 782 rnvenramur.
1069 781 1073 792 ,

128 807 259 867 Quandiu,
272 807 425 867 inquam,in
437 804 486 854 hoc¹
502 805 570 856 lut'eo
583 807 699 857 taberna·
754 806 855 858 l.Nam
865 809 892 857 et
903 803 952 870 qui
961 813 1060 855 sumus
1069 799 1099 853 in
1109 799 1159 852 boe

98 874 156 925 culo
165 875 433 934 irroramur,gemimus
443 873 512 924 illius
522 887 597 947 onere
608 877 696 936 pressi,
720 881 912 944 tabernaculo,
954 876 1159 946 ingemiscimus

97 947 122 991 et
136 942 167 991 ad
185 941 448 1003 incorruptibilitatem
464 943 631 1003 anhelamus;
646 957 698 993 nou
721 959 841 1027 gravam
865 972 899 1011 ρο
925 954 1003 1024 qugd
1032 953 1160 1033 polumus

97 1009 164 1072 qarbd
184 1008 292 1058 velimus
310 1021 354 1070 per
370 1013 479 1058 mortem
498 1011 547 1060 boe
567 1013 623 1060 exui
640 1025 697 1061 cor·
721 1035 867 1104 exspoliari
900 1034 950 1088 sed
963 1028 1158 1099 supervestim

96 1090 174 1141 pore;
192 1076 234 1126 sed
257 1076 393 1135 vellemus,
406 1091 451 1139 per
474 1080 697 1139 immutationem,
878 1075 885 1100 ’

97 1145 245 1208 superindui
264 1145 471 1205 immortalitate,
491 1151 520 1194 ut
542 1160 586 1208 per
609 1160 698 1210 apprc-
720 1122 751 1168 ut
762 1116 943 1168 ³b⁵⁰fbe³fflf
954 1109 1034 1178 (1¹¹0d
1048 1106 1161 1162 m⁰s²³¹⁰

96 1215 245 1264 lrensionem
259 1217 358 1264 aeterne
370 1216 428 1262 vitae
446 1214 609 1265 absorbeatur
620 1216 698 1278 hujus
721 1192 789 1247 ⁸⁵¹5
800 1192 865 1244 Vim·
960 1202 963 1217 '

98 1284 210 1345 eorporis
224 1280 373 1331 mortalitas.

128 1456 166 1504 Ad
177 1455 231 1505 baec
242 1434 353 1515 attende,
362 1456 448 1505 anima
463 1456 601 1507 christiana
610 1476 617 1517 ;
626 1456 680 1507 lraee
694 1455 774 1506 oeulis
788 1454 846 1504 lidel
860 1436 1096 1516 intuere,penetra,
1105 1449 1162 1501 iibi-

98 1538 148 1586 que
162 1525 283 1574 continue
298 1526 432 1587 presentia
450 1525 526 1574 redde
535 1545 542 1585 ;
557 1538 648 1588 eorpus
667 1530 797 1574 terrenum
814 1527 839 1574 et
855 1522 967 1573 animale
985 1533 1091 1585 spernes
1096 1540 1105 1582 3
1119 1529 1162 1582 pro

98 1595 197 1643 Christo
208 1595 260 1656 pati
272 1595 296 1642 et
307 1594 373 1642 mori
384 1605 436 1641 uon
447 1593 556 1642 timebis.

129 1684 152 1730 2.
169 1682 235 1731 Nom
254 1684 276 1728 et
291 1679 319 1728 io
336 1679 411 1729 boe...
430 1679 558 1729 domicilio
574 1670 689 1741 scilieet,
700 1693 743 1730 seu
759 1691 862 1742 corpore
874 1684 986 1728 terreno.
1000 1676 1059 1740 Syr.
1073 1676 1162 1736 etenim

98 1749 130 1798 ad
147 1749 196 1799 boe
210 1750 350 1810 gemimus,
364 1753 388 1797 ct
403 1751 543 1810 expetimus
556 1749 629 1798 indui
645 1750 720 1799 domo
733 1751 817 1798 nostra
829 1786 835 1808 ,
847 1760 904 1810 quau
916 1748 931 1798 d
942 1746 1013 1798 omlis
1026 1750 1075 1796 est.

26 1868 28 1874 .
128 1824 315 1886 ingemiscimus
326 1825 353 1872 in
365 1823 414 1872 hoe
425 1822 493 1872 luteo
506 1836 628 1884 corpore,
646 1823 816 1872 desiderantes
828 1823 1010 1873 habitationem
1022 1826 1160 1870 nostram...

98 1893 190 1952 idest,
207 1892 472 1954 incorruptibilitatem
489 1895 514 1942 et
529 1891 601 1941 dotes
619 1890 757 1954 gloriosas,
769 1895 891 1954 tanquam
908 1891 1092 1941 indumentum
1103 1925 1111 1948 ,
1121 1899 1162 1936 su-

97 1963 231 2025 perindui,
245 1974 297 2011 non
309 1962 420 2023 deposito
431 1961 480 2011 hoe
494 1965 596 2010 terreno
609 1960 781 2010 tabernaculo.

128 2033 188 2082 liure
201 2034 262 2081 sunt
277 2033 305 2079 in
318 2030 359 2079 his
369 2030 452 2080 verbis
465 2029 622 2092 metaphora
631 2031 778 2091 permixte,
791 2032 868 2080 unaa
882 2030 971 2091 domo,
982 2027 1064 2078 altera
1073 2027 1089 2077 d
1099 2025 1162 2076 veste

98 2104 208 2162 sumpta.
220 2098 316 2161 Corpus
327 2103 443 2147 nostrum
457 2102 482 2148 et
492 2100 570 2149 vestis
582 2101 607 2147 et
620 2098 779 2154 domicilium
792 2103 830 2150 est
840 2102 941 2149 animae.

130 2191 153 2236 3.
160 2187 195 2255 §i
206 2191 287 2235 tomen
298 2187 411 2235 vestiti...
424 2186 477 2235 lloe
488 2184 605 2246 quidem,
617 2188 778 2247 supervestiri
790 2186 894 2246 seilicet,
903 2186 977 2235 nobis
989 2187 1132 2247 continget,
1141 2182 1161 2230 si

99 2269 146 2306 nos
159 2255 212 2305 dies
233 2256 334 2305 bomini
350 2257 435 2316 viros,
450 2268 494 2304 seu
512 2267 617 2316 corpore
631 2258 736 2304 vestitos
752 2255 937 2318 deprehendat,
955 2258 982 2306 et
994 2267 1049 2304 non
1064 2261 1161 2316 corpore

97 2329 151 2384 jam
165 2326 252 2374 exutos
265 2336 272 2372 ι
284 2325 328 2384 qui
342 2325 412 2371 enim
430 2325 483 2372 vivi
504 2324 678 2384 reperientur,
696 2328 740 2372 aut
752 2327 806 2374 sine
817 2329 915 2384 morie,
934 2327 980 2373 aut
995 2323 1088 2373 saltem
1107 2331 1160 2371 eum

99 2394 247 2443 brevissima
257 2429 265 2454 ,
277 2392 498 2451 immutabuntur,
513 2391 584 2441 dotes
605 2391 706 2452 gloriosi
721 2395 848 2455 eorporis,
865 2397 893 2441 ut
910 2393 1034 2456 pallium,
1050 2391 1159 2455 superiu-

100 2464 213 2512 cluentes.

129 2531 206 2581 Divus
220 2529 313 2580 Paulus
323 2530 355 2579 de
366 2528 417 2579 tine
427 2529 517 2579 mundi
530 2542 628 2592 semper
642 2532 705 2592 egit,
718 2533 747 2579 ut
758 2533 881 2592 proximo,
893 2535 920 2579 ct
928 2531 971 2592 qui
984 2533 1070 2593 posset
1079 2527 1157 2578 eodem

82 2634 86 2641 ·
100 2613 186 2651 seeum
199 2605 312 2662 tempore
326 2602 440 2649 viventes
451 2599 654 2662 deprehendere,
670 2602 697 2648 ut
708 2601 790 2647 visum
807 2604 844 2662 est
855 2602 944 2662 primae
957 2599 1015 2649 Cor.
1032 2602 1071 2649 ts.
1080 2599 1157 2661 prime

100 2670 131 2718 ad
143 2668 253 2719 Thessal.
269 2681 324 2731 cap.
341 2670 373 2728 l,
386 2681 412 2718 n.
433 2670 470 2717 15.

129 2741 176 2790 llio
187 2743 271 2800 itaque
282 2751 372 2789 sensus
383 2738 444 2787 satis
457 2742 495 2787 est
507 2738 630 2788 litteralis.

129 2811 201 2860 Multi
219 2815 305 2860 tamen
319 2811 516 2870 interpretantur
529 2827 536 2856 ε
549 2811 570 2857 si
584 2811 668 2858 restiti
683 2809 775 2871 gratia,
794 2809 932 2870 charitate,
944 2809 1021 2860 bonis
1035 2808 1153 2873 operibus,

100 2883 125 2929 ct
135 2893 188 2928 non
201 2878 263 2928 nudi
277 2879 446 2926 inveniamur.

130 2948 155 2997 Si
167 2952 252 2995 lamen
265 2946 383 2992 exeuntes
394 2944 408 2992 e
420 2956 523 3005 corpore
533 2981 540 3004 ,
550 2944 681 2994 Christum
694 2946 794 3007 induti,
807 2952 831 2996 et
844 2959 896 2996 non
912 2947 976 2996 nudi
987 2949 1154 3002 inveniamur,

100 3017 128 3067 id
139 3022 190 3074 est,
201 3017 222 3063 si
237 3017 264 3062 in
277 3013 357 3061 forma
373 3013 507 3073 baptismi,
520 3017 545 3061 et
557 3014 692 3063 traditione
703 3010 885 3076 manserimus,
900 3019 937 3064 ait
950 3015 1109 3066 Ambroslus.

132 3084 297 3133 sicbertum
311 3081 393 3129 induti
413 3080 553 3141 fuerimus,
569 3083 640 3143 digni
660 3085 754 3132 erimus
768 3084 914 3145 superindui
931 3087 1059 3146 promissi
1071 3082 1153 3147 gloriis

100 3157 128 3202 in
142 3153 214 3200 illunr
234 3153 302 3199 enim
313 3149 411 3198 decidet
430 3151 550 3210 premissa
566 3151 688 3212 claritas,
705 3165 781 3213 quem
795 3152 887 3202 viderit
905 3155 1010 3214 signum
1026 3150 1156 3216 adoptionis

101 3221 204 3271 habere.
215 3219 283 3269 ldem
295 3218 450 3266 Ambrosius.

135 3295 186 3352 Qui
202 3293 431 3354 perseveraberit...
450 3291 537 3340 saluus
552 3295 607 3342 erit.

131 3362 238 3421 Uterque
249 3373 337 3408 sensus
349 3363 387 3408 est
400 3361 496 3420 bonus;
508 3360 552 3409 sed
563 3363 620 3421 quis
632 3361 664 3410 de
680 3361 746 3411 laeto
759 3375 848 3423 verus,
860 3368 885 3412 et
897 3362 927 3413 D.
942 3364 1015 3416 Pauli
1024 3369 1037 3416 i
1047 3379 1099 3417 non
1109 3373 1155 3416 som

101 3440 251 3491 persuasus,
268 3428 364 3477 dubito.

133 3511 156 3557 l.
170 3510 234 3558 Nam
253 3513 275 3556 et
291 3509 336 3569 put
352 3520 469 3556 remus...
482 3507 552 3556 idem
565 3507 621 3557 aliis
631 3511 713 3560 verbis
725 3515 827 3573 repetit,
839 3524 943 3562 eausam
956 3514 1056 3566 addens
1067 3528 1111 3566 cur
1121 3521 1156 3574 el·

102 3581 174 3629 mant
185 3577 280 3636 sancti,
293 3579 318 3624 et
329 3575 456 3636 explicans
467 3576 572 3624 modum
580 3613 588 3635 ,
596 3589 645 3636 quo
661 3580 895 3639 superindutionem
912 3585 1029 3644 cupiant.

132 3645 195 3693 llam
210 3644 322 3704 quandiu
336 3656 466 3692 moramur
480 3648 507 3692 in
519 3643 567 3692 hee
583 3645 699 3704 mortali,
712 3645 823 3707 eadueo,
836 3652 861 3697 et
872 3648 942 3698 luteo
954 3664 1077 3714 corpora,
1088 3648 1156 3714 genii·

103 3725 160 3766 mus
174 3710 241 3760 illius
253 3723 328 3760 onere
342 3714 436 3772 pressi,
451 3716 476 3759 et
491 3711 522 3759 ad
536 3712 798 3774 incorruptibilitatem
812 3719 981 3777 suspiramus.

134 3788 170 3834 Eo
182 3785 248 3846 quea
263 3786 396 3842 nolumus,
416 3785 506 3844 idest,
519 3797 570 3834 non
584 3786 651 3845 quod
662 3785 770 3836 velimus
786 3787 835 3837 boe
847 3792 904 3838 exui
915 3827 921 3850 ,
933 3792 1033 3842 scilieet
1044 3782 1156 3857 permor-

103 3855 212 3903 tc1n2id
228 3856 295 3902 enim
309 3857 400 3902 natura
416 3854 505 3915 refugit
514 3875 521 3915 3
536 3853 579 3902 sed
595 3854 716 3906 vellemus
734 3869 778 3918 per
793 3859 1001 3911 immutationem
1022 3859 1156 3928 superindui

104 3923 293 3978 immortalitate
308 3927 333 3971 et
347 3922 446 3972 dotibus
461 3923 582 3984 gloriosis·
