2512 4424
346 241 514 296 nutriuit
533 243 760 302 subustum.-
777 241 860 304 GAP.
880 244 903 304 ir
1135 259 1154 311 9

107 338 121 397 '.
148 334 207 388 nun
221 346 284 402 spes
296 341 391 390 uestra
407 336 535 391 firmasit
587 325 689 404 inopte
704 340 772 404 quod
790 356 861 407 spes,
872 357 948 407 quam
965 344 996 396 de
1016 350 1099 400 restra
1114 361 1155 400 sa·

122 410 253 477 pavonis,
556 402 800 539 Lnggosscssuccplunus,
818 410 915 463 tirmior
931 413 1044 465 redditur
1064 429 1094 466 sc
1113 429 1154 467 se·

120 514 535 607 scientesqubdsicutsociipas-
586 543 650 607 Quia
672 547 768 598 mimus
790 547 857 611 quoi
888 553 954 602 sicut
974 553 1151 606 'sillicticnum

120 607 207 661 donum
227 611 313 677 estis,
337 612 378 666 sic
407 615 485 668 eritis
506 620 533 669 et
556 619 701 667 nostrarum
711 617 1150 683 participesestis‚rtaertusncsmn

118 686 302 741 consolationis.
555 682 646 733 solatii.

142 765 162 816 8.
169 764 223 817 ltcu
234 766 309 819 euim
316 767 445 821 nolumus
456 769 534 836 igno·
585 779 647 831 licio
666 793 728 843 ros,
744 780 851 842 ustus,
869 784 982 844 ignorare
1006 780 1151 836 tribulatio·

62 896 65 905 ,
117 851 228 906 roseros,
241 840 358 907 batres,
368 845 404 899 de
416 847 532 900 tribula-
554 862 627 911 uem,
639 861 696 911 que
715 849 789 900 nobis
804 852 831 899 ln
849 849 906 900 Asia
927 853 1040 914 contigit.
1057 852 1150 904 Scitote

117 915 173 970 tione
182 924 286 983 neura,
296 919 440 987 quaefacra
452 929 494 976 ess
503 923 530 975 in
555 929 612 978 ergo
627 919 747 979 quoniam
764 916 889 968 excessivo
903 918 1069 971 afflictionum
1084 933 1150 984 pou·

117 991 175 1056 isia;
184 994 314 1060 quoniam
324 1010 408 1062 supra
417 999 531 1052 modum
554 986 612 1036 dere
622 988 701 1049 pressi
720 999 825 1048 sumus,
837 990 863 1036 et
875 990 986 1049 graviore
999 991 1074 1051 quam
1094 1004 1150 1042 ens·

116 1073 197 1135 ΒΜ
214 1087 311 1126 sumus
340 1089 424 1142 supra
440 1077 530 1130 virm,
554 1056 666 1104 tinerent
685 1056 752 1104 uires
767 1054 901 1118 humanm
912 1057 947 1106 ita
964 1060 993 1108 ut
1010 1061 1064 1109 uita
1077 1061 1150 1110 uobis

116 1149 530 1239 tcn,itauttaederetuosetiam
554 1121 739 1173 mmmm·

116 1238 194 1282 strue.

113 1414 166 1530 Iulis
179 1421 292 1480 speratu;
307 1431 353 1470 nus
367 1420 464 1471 enimet
481 1421 514 1471 ad
531 1421 645 1473 terendas
659 1421 833 1474 tribulationes
850 1423 944 1474 similes
958 1426 1010 1485 eis,
1027 1437 1091 1487 quas
1102 1437 1148 1475 noe

128 1483 346 1616 pgosltgsslelrgffilcit
356 1553 516 1605 tolerantiam
534 1557 743 1618 tribulationum,
758 1561 787 1606 ut
797 1571 874 1608 causa
886 1558 986 1620 linaiis,
998 1561 1064 1611 sicut
1073 1572 1098 1609 v.
1110 1574 1145 1622 g..

113 1623 184 1671 soritas
200 1627 297 1686 sperata
316 1622 392 1672 efficii
410 1628 579 1688 sumptionem
597 1639 691 1677 amaru
703 1626 843 1678 medieinu.

132 1718 151 1765 l.
163 1716 199 1774 uc,
210 1715 252 1767 Gr.
269 1718 324 1777 aas,
340 1719 388 1767 etc.
404 1717 460 1781 Syr.
475 1718 550 1769 drab.
563 1720 685 1784 AEthiup.,
698 1724 747 1771 etc.
794 1707 798 1714 ’

135 1795 157 1844 tn
169 1809 219 1858 spes
236 1801 325 1846 nostru
347 1797 452 1859 firma...
469 1798 668 1862 propterquod,
686 1799 801 1861 scilicet,
822 1803 880 1862 quia
894 1803 960 1851 siout
980 1807 1005 1851 et
1018 1815 1064 1852 uos
1078 1806 1145 1866 pati-

111 1863 239 1983 ffigddec
257 1877 334 1930 spes,
350 1877 426 1927 quam
445 1866 477 1916 de
492 1872 575 1917 restro
588 1867 668 1918 salute
684 1870 861 1932 concepimus,
876 1868 974 1919 tirmior
985 1883 1016 1920 ac
1034 1874 1145 1921 securior

111 1966 238 2124 gemb&
249 2008 276 2057 id
289 2011 342 2070 est,
354 2008 449 2059 seimus
461 2012 530 2061 enirn
544 2010 610 2074 qood
624 2013 690 2062 sicut
703 2013 766 2063 socii
776 2016 927 2076 passionum
939 2015 997 2064 estis
1003 2049 1017 2102 R
1026 2016 1063 2064 sic
1076 2017 1144 2064 eritis

131 2142 179 2194 licta
188 2077 325 2206 futlcligfft'ec,
338 2148 440 2198 scimus.
453 2148 561 2198 scientia
575 2153 613 2199 est
624 2153 692 2200 certo
704 2155 728 2200 et
742 2151 859 2212 euidens,
871 2151 939 2213 qudd
957 2153 978 2202 si
998 2154 1144 2214 passionum

111 2213 155 2260 sccii
165 2215 255 2274 simus,
269 2219 294 2263 et
308 2218 408 2266 aeteruoe
420 2216 597 2267 consolationis
608 2219 703 2268 erimus
713 2221 785 2269 socii.

133 2297 272 2351 0rsrnnsrno
287 2314 406 2352 uonnnns.
425 2329 458 2340 -
472 2303 569 2364 Quanta
589 2305 650 2354 hinc
668 2307 760 2354 auimte
785 2305 853 2355 ildeli
869 2305 968 2356 afflictu
986 2306 1142 2357 consolatio!

109 2365 189 2486 mo
201 2381 287 2420 semen
302 2374 341 2420 est
361 2370 540 2432 beatitudinis,
564 2372 639 2422 arrha
652 2372 753 2436 glorie,
774 2374 899 2424 certitudo
914 2378 952 2424 est
967 2371 1144 2424 consolationis

130 2501 186 2555 snus
199 2509 292 2557 aeteme
315 2519 361 2570 per
380 2506 573 2559 tribulationum
592 2509 753 2561 tolerantiam
775 2507 891 2559 efficitur.
911 2507 1051 2560 Tribulatlo
1070 2509 1144 2558 eiiicit

109 2569 205 2636 uinum,
218 2581 338 2637 rectaque
351 2575 421 2625 ducit
434 2575 467 2624 ud
478 2576 669 2629 beatitudiuem.

129 2639 246 2707 undergo
260 2648 354 2695 enimse
367 2644 492 2696 tribulatae
505 2646 667 2697 iaciendum?
1002 2698 1005 2702 Δ

128 2709 166 2761 bec
181 2715 284 2764 salutem
301 2715 371 2765 illius
386 2717 499 2778 operanti
517 2717 640 2766 subdatur
655 2735 662 2765 s
679 2728 734 2767 sese
753 2716 800 2767 sub
818 2715 862 2765 Dei
880 2717 977 2777 potenti
997 2726 1075 2764 mauu
1094 2715 1144 2763 hu-

108 2778 181 2831 miliet:
195 2784 293 2834 seduci
307 2786 395 2845 sinat,
416 2784 475 2834 licet
487 2789 643 2849 repugnante
654 2786 762 2844 natura,
778 2782 845 2845 qubd
863 2782 929 2831 licus
950 2781 1058 2831 salvator
1075 2781 1144 2830 ilium

107 2851 147 2907 nost
162 2864 184 2900 sc
198 2852 278 2902 ducit.
291 2852 385 2902 Audiat
404 2852 477 2902 illum
495 2856 565 2904 intus
580 2854 708 2903 dicentem
724 2853 771 2902 sibi
785 2870 791 2900 =
804 2851 873 2901 Tolle
890 2862 993 2899 crucem
1011 2854 1101 2909 tuum,
1120 2857 1145 2897 ct

106 2922 160 2982 neni,
172 2935 270 2989 sequere
284 2936 327 2973 me
340 2942 346 2973 ι
360 2925 381 2972 ei
392 2924 476 2973 socius
489 2924 566 2974 iueris
579 2926 745 2987 passionum,
759 2924 843 2973 socius
856 2921 907 2970 eris
922 2924 948 2970 et
963 2919 1055 2982 glorie.

125 2986 178 3040 drnx
187 2992 219 3042 ad
229 2992 414 3042 beatitudinem
426 2997 494 3042 rectu
507 2998 532 3042 et
545 3007 635 3043 secura
645 2995 697 3042 nia.

125 3056 224 3112 Firmiter
235 3075 308 3125 ergo,
323 3061 413 3112 senune
430 3067 455 3112 et
470 3061 606 3125 tranquille
616 3060 800 3113 beatitudiuem
812 3063 896 3124 speret
910 3060 996 3108 uuima
1008 3056 1144 3107 christiana

103 3129 177 3185 uticus
188 3130 335 3182 christiane.

122 3217 198 3268 ilion
208 3219 411 3270 enimooiuooncs.
1005 3252 1008 3256 .

121 3281 242 3348 specialius
256 3287 365 3351 explicat
378 3288 463 3350 maia,
482 3301 538 3352 que
549 3300 638 3338 recens
648 3298 737 3350 pessus
752 3288 809 3347 est,
824 3288 850 3335 et
863 3296 919 3347 quae
933 3281 1070 3332 Corinthiis
1083 3291 1141 3329 uon-

101 3348 144 3402 dttm
153 3360 218 3407 eraut
229 3362 307 3419 notu,
322 3359 408 3419 sicque
420 3362 444 3408 et
455 3359 621 3419 semetipsum
632 3356 772 3406 corinthiis
785 3353 909 3417 explicat,
921 3356 946 3401 et
957 3348 1143 3400 Corinthiorum

99 3423 174 3474 mimos
191 3427 238 3476 sibl
255 3427 392 3486 conciliat,
412 3425 460 3476 hoc
477 3429 504 3476 lu
518 3438 561 3474 eos
577 3425 710 3474 charitatis
722 3423 817 3472 iudicio
832 3439 839 3469 c
854 3422 957 3482 siguum
972 3415 1144 3494 enimamoris

99 3492 124 3535 est
132 3502 169 3542 sna
179 3494 234 3546 aliis
247 3492 405 3546 confidenter
416 3494 553 3544 declarare.

118 3557 165 3612 non
175 3577 229 3626 ros,
240 3565 332 3615 iratres
342 3565 393 3612 mei
404 3600 410 3623 ,
423 3565 539 3625 ignorare
549 3559 757 3619 tribulationem,
769 3567 826 3619 quae
836 3555 910 3605 nobis
922 3555 1026 3613 contigit
1037 3555 1064 3601 ln
1076 3551 1143 3607 Asin,

97 3624 145 3676 ‘liti
161 3636 261 3693 putetur
276 3630 381 3694 Ephesi.
400 3631 516 3680 tlrcditur
535 3632 606 3678 cuim
626 3625 696 3689 qudd
712 3624 832 3686 loquutur
843 3623 874 3671 de
884 3623 1059 3684 persecutione
1069 3620 1084 3667 a
1096 3618 1143 3664 lie-

96 3696 164 3746 inctrio
174 3703 293 3760 ercituia,
306 3699 338 3748 de
352 3711 402 3761 qua
415 3700 468 3748 ici.
483 3703 521 3750 iti.

118 3778 225 3836 Quoniam
240 3795 326 3845 supro
347 3782 460 3832 modurn.
477 3780 520 3830 Gn.
541 3777 587 3824 καθ
608 3773 747 3839 septenne,
765 3768 908 3822 iecflssdffffl
927 3765 1141 3846 emmeramum,

95 3852 126 3903 lit
143 3860 279 3910 recemum,
294 3849 422 3898 enccsslvt
433 3851 528 3911 grunnii
546 3860 652 3905 sumus,
667 3842 780 3907 pondere
798 3835 987 3918 tribulationis,
1001 3841 1052 3879 ¹¹⁰ss
1071 3837 1142 3874 ⁵0⁰¹¹⁵

94 3920 116 3962 it
123 3919 197 3984 narb,
208 3931 267 3987 pou
280 3917 405 3986 praegravi
418 3917 528 3982 quodam
539 3927 616 3968 onere
627 3911 801 3973 demergitur,
813 3907 849 3954 ait
860 3903 889 3951 ll.
904 3901 991 3961 ibrili-
