<?xml version="1.0" encoding="UTF-8"?>
<!DOCTYPE html PUBLIC "-//W3C//DTD XHTML 1.0 Transitional//EN"
    "http://www.w3.org/TR/xhtml1/DTD/xhtml1-transitional.dtd">
<html xmlns="http://www.w3.org/1999/xhtml" xml:lang="en" lang="en">
 <head>
  <title>
</title>
<meta http-equiv="Content-Type" content="text/html;charset=utf-8" />
  <meta name='ocr-system' content='tesseract 3.04.00' />
  <meta name='ocr-capabilities' content='ocr_page ocr_carea ocr_par ocr_line ocrx_word'/>
</head>
<body>
  <div class='ocr_page' id='page_1' title='image "./epistolarumbpau01berngoog_0317.png"; bbox 0 0 2512 4424; ppageno 0'>
   <div class='ocr_carea' id='block_1_1' title="bbox 152 284 925 351">
    <p class='ocr_par' dir='ltr' id='par_1_1' title="bbox 152 284 925 351">
     <span class='ocr_line' id='line_1_1' title="bbox 152 284 925 351; baseline -0.018 0"><span class='ocrx_word' id='word_1_1' title='bbox 152 300 204 351; x_wconf 62' lang='grc' dir='ltr'><strong>ΜΒ</strong></span> <span class='ocrx_word' id='word_1_2' title='bbox 439 290 647 346; x_wconf 83' lang='lat' dir='ltr'>EPISTOLAE</span> <span class='ocrx_word' id='word_1_3' title='bbox 666 288 715 338; x_wconf 76' lang='lat' dir='ltr'><strong>lo</strong></span> <span class='ocrx_word' id='word_1_4' title='bbox 733 284 925 338; x_wconf 83' lang='lat' dir='ltr'>EPHESIOS</span> 
     </span>
    </p>
   </div>
   <div class='ocr_carea' id='block_1_2' title="bbox 152 380 1112 659">
    <p class='ocr_par' dir='ltr' id='par_1_2' title="bbox 152 380 1112 659">
     <span class='ocr_line' id='line_1_2' title="bbox 182 380 1108 450; baseline -0.015 -11"><span class='ocrx_word' id='word_1_5' title='bbox 182 388 236 439; x_wconf 82' lang='lat' dir='ltr'><strong>lmh</strong></span> <span class='ocrx_word' id='word_1_6' title='bbox 255 399 316 450; x_wconf 83' lang='lat' dir='ltr'><strong>vos,</strong></span> <span class='ocrx_word' id='word_1_7' title='bbox 333 385 444 438; x_wconf 84' lang='lat' dir='ltr'><strong>exultare</strong></span> <span class='ocrx_word' id='word_1_8' title='bbox 464 390 489 436; x_wconf 87' lang='lat' dir='ltr'><strong>et</strong></span> <span class='ocrx_word' id='word_1_9' title='bbox 506 385 606 447; x_wconf 84' lang='lat' dir='ltr'><strong>gloriari</strong></span> <span class='ocrx_word' id='word_1_10' title='bbox 620 385 750 444; x_wconf 87' lang='lat' dir='ltr'><strong>propterea</strong></span> <span class='ocrx_word' id='word_1_11' title='bbox 774 394 837 449; x_wconf 79' lang='lat' dir='ltr'><strong>quae</strong></span> <span class='ocrx_word' id='word_1_12' title='bbox 850 387 893 435; x_wconf 75' lang='lat' dir='ltr'><strong>est</strong></span> <span class='ocrx_word' id='word_1_13' title='bbox 905 380 992 448; x_wconf 82' lang='lat' dir='ltr'><strong>gloria</strong></span> <span class='ocrx_word' id='word_1_14' title='bbox 1006 383 1108 434; x_wconf 73' lang='lat' dir='ltr'><strong>vestra,</strong></span> 
     </span>
     <span class='ocr_line' id='line_1_3' title="bbox 153 452 752 519; baseline -0.015 -11"><span class='ocrx_word' id='word_1_15' title='bbox 153 459 288 518; x_wconf 85' lang='lat' dir='ltr'><strong>eonvenlt;</strong></span> <span class='ocrx_word' id='word_1_16' title='bbox 306 457 430 519; x_wconf 89' lang='lat' dir='ltr'><strong>siqnidem</strong></span> <span class='ocrx_word' id='word_1_17' title='bbox 448 456 503 505; x_wconf 82' lang='lat' dir='ltr'><strong>luen</strong></span> <span class='ocrx_word' id='word_1_18' title='bbox 524 452 627 504; x_wconf 82' lang='lat' dir='ltr'><strong>vincula</strong></span> <span class='ocrx_word' id='word_1_19' title='bbox 647 455 673 500; x_wconf 88' lang='lat' dir='ltr'><strong>et</strong></span> <span class='ocrx_word' id='word_1_20' title='bbox 694 463 752 513; x_wconf 89' lang='lat' dir='ltr'><strong>pas-</strong></span> 
     </span>
     <span class='ocr_line' id='line_1_4' title="bbox 152 523 1093 592; baseline -0.014 -15"><span class='ocrx_word' id='word_1_21' title='bbox 152 530 235 577; x_wconf 90' lang='lat' dir='ltr'><strong>siones</strong></span> <span class='ocrx_word' id='word_1_22' title='bbox 249 530 375 576; x_wconf 85' lang='lat' dir='ltr'><strong>suntmea</strong></span> <span class='ocrx_word' id='word_1_23' title='bbox 388 528 519 585; x_wconf 87' lang='lat' dir='ltr'><strong>vestraque</strong></span> <span class='ocrx_word' id='word_1_24' title='bbox 534 523 623 584; x_wconf 85' lang='lat' dir='ltr'><strong>gloria.</strong></span> <span class='ocrx_word' id='word_1_25' title='bbox 910 580 916 592; x_wconf 44' lang='lat'><strong>·</strong></span> <span class='ocrx_word' id='word_1_26' title='bbox 999 579 1006 592; x_wconf 93' lang='lat'>.</span> <span class='ocrx_word' id='word_1_27' title='bbox 1086 579 1093 591; x_wconf 93' lang='lat'><em>.</em></span> 
     </span>
     <span class='ocr_line' id='line_1_5' title="bbox 184 579 1112 659; baseline -0.014 -12"><span class='ocrx_word' id='word_1_28' title='bbox 184 597 286 659; x_wconf 86' lang='lat' dir='ltr'><strong>Propter</strong></span> <span class='ocrx_word' id='word_1_29' title='bbox 294 595 396 657; x_wconf 89' lang='lat' dir='ltr'><strong>hoo,ne</strong></span> <span class='ocrx_word' id='word_1_30' title='bbox 406 596 469 643; x_wconf 90' lang='lat' dir='ltr'><strong>mels</strong></span> <span class='ocrx_word' id='word_1_31' title='bbox 478 592 575 642; x_wconf 86' lang='lat' dir='ltr'><strong>seilleet</strong></span> <span class='ocrx_word' id='word_1_32' title='bbox 585 591 659 643; x_wconf 78' lang='lat' dir='ltr'><strong>malls</strong></span> <span class='ocrx_word' id='word_1_33' title='bbox 670 593 751 643; x_wconf 91' lang='lat' dir='ltr'><strong>territi</strong></span> <span class='ocrx_word' id='word_1_34' title='bbox 807 585 852 634; x_wconf 78' lang='lat' dir='ltr'><strong>ll·</strong></span> <span class='ocrx_word' id='word_1_35' title='bbox 866 584 953 648; x_wconf 78' lang='lat' dir='ltr'><strong>Huius</strong></span> <span class='ocrx_word' id='word_1_36' title='bbox 966 593 1008 633; x_wconf 83' lang='lat' dir='ltr'><strong>rei</strong></span> <span class='ocrx_word' id='word_1_37' title='bbox 1023 579 1112 646; x_wconf 72' lang='lat' dir='ltr'><strong>grand</strong></span> 
     </span>
    </p>
   </div>
   <div class='ocr_carea' id='block_1_3' title="bbox 154 665 1209 850">
    <p class='ocr_par' dir='ltr' id='par_1_3' title="bbox 154 665 1209 850">
     <span class='ocr_line' id='line_1_6' title="bbox 155 665 1209 794; baseline -0.017 -11"><span class='ocrx_word' id='word_1_38' title='bbox 155 665 388 794; x_wconf 59' lang='lat' dir='ltr'><strong>deliieltiilis&#39;genua,</strong></span> <span class='ocrx_word' id='word_1_39' title='bbox 406 730 587 792; x_wconf 79' lang='lat' dir='ltr'><strong>humiliterque</strong></span> <span class='ocrx_word' id='word_1_40' title='bbox 600 741 660 790; x_wconf 86' lang='lat' dir='ltr'><strong>rogo</strong></span> <span class='ocrx_word' id='word_1_41' title='bbox 672 729 752 778; x_wconf 79' lang='lat' dir='ltr'><strong>ileum</strong></span> <span class='ocrx_word' id='word_1_42' title='bbox 773 720 854 771; x_wconf 83' lang='lat' dir='ltr'><strong>ilecto</strong></span> <span class='ocrx_word' id='word_1_43' title='bbox 867 732 957 784; x_wconf 86' lang='lat' dir='ltr'><strong>genua</strong></span> <span class='ocrx_word' id='word_1_44' title='bbox 972 730 1036 768; x_wconf 87' lang='lat' dir='ltr'><strong>mea</strong></span> <span class='ocrx_word' id='word_1_45' title='bbox 1053 715 1090 767; x_wconf 90' lang='lat' dir='ltr'><strong>ad</strong></span> <span class='ocrx_word' id='word_1_46' title='bbox 1106 717 1209 766; x_wconf 88' lang='lat' dir='ltr'><strong>Patrem</strong></span> 
     </span>
     <span class='ocr_line' id='line_1_7' title="bbox 154 791 1182 850; baseline -0.006 0"><span class='ocrx_word' id='word_1_47' title='bbox 154 800 253 850; x_wconf 86' lang='lat' dir='ltr'><strong>Patrem</strong></span> <span class='ocrx_word' id='word_1_48' title='bbox 264 799 363 848; x_wconf 81' lang='lat' dir='ltr'><strong>Domini</strong></span> <span class='ocrx_word' id='word_1_49' title='bbox 378 800 456 847; x_wconf 92' lang='lat' dir='ltr'><strong>nostrl</strong></span> <span class='ocrx_word' id='word_1_50' title='bbox 466 797 526 846; x_wconf 84' lang='lat' dir='ltr'><strong>lesu</strong></span> <span class='ocrx_word' id='word_1_51' title='bbox 535 797 638 847; x_wconf 81' lang='lat' dir='ltr'><strong>Christi.</strong></span> <span class='ocrx_word' id='word_1_52' title='bbox 775 797 882 850; x_wconf 81' lang='lat' dir='ltr'><strong>Domini</strong></span> <span class='ocrx_word' id='word_1_53' title='bbox 894 795 984 848; x_wconf 79' lang='lat' dir='ltr'><strong>nostri</strong></span> <span class='ocrx_word' id='word_1_54' title='bbox 996 799 1062 848; x_wconf 86' lang='lat' dir='ltr'><strong>lesu</strong></span> <span class='ocrx_word' id='word_1_55' title='bbox 1075 791 1182 847; x_wconf 84' lang='lat' dir='ltr'><strong>Christi.</strong></span> 
     </span>
    </p>
   </div>
   <div class='ocr_carea' id='block_1_4' title="bbox 154 869 1212 1345">
    <p class='ocr_par' dir='ltr' id='par_1_4' title="bbox 154 869 1212 1345">
     <span class='ocr_line' id='line_1_8' title="bbox 185 869 1210 940; baseline -0.006 -12"><span class='ocrx_word' id='word_1_56' title='bbox 185 879 233 940; x_wconf 85' lang='lat' dir='ltr'><strong>Qui</strong></span> <span class='ocrx_word' id='word_1_57' title='bbox 254 890 306 928; x_wconf 89' lang='lat' dir='ltr'><strong>non</strong></span> <span class='ocrx_word' id='word_1_58' title='bbox 329 876 408 927; x_wconf 92' lang='lat' dir='ltr'><strong>sollus</strong></span> <span class='ocrx_word' id='word_1_59' title='bbox 428 875 535 939; x_wconf 83' lang='lat' dir='ltr'><strong>Christi,</strong></span> <span class='ocrx_word' id='word_1_60' title='bbox 554 878 598 928; x_wconf 89' lang='lat' dir='ltr'><strong>sed</strong></span> <span class='ocrx_word' id='word_1_61' title='bbox 620 877 752 936; x_wconf 90' lang='lat' dir='ltr'><strong>omnium,</strong></span> <span class='ocrx_word' id='word_1_62' title='bbox 808 879 904 928; x_wconf 80' lang='lat' dir='ltr'><strong>l5.Ex</strong></span> <span class='ocrx_word' id='word_1_63' title='bbox 916 888 973 940; x_wconf 92' lang='lat' dir='ltr'><strong>quo</strong></span> <span class='ocrx_word' id='word_1_64' title='bbox 989 869 1210 938; x_wconf 86' lang='lat' dir='ltr'><strong>omnispalerni-</strong></span> 
     </span>
     <span class='ocr_line' id='line_1_9' title="bbox 155 945 1212 1008; baseline -0.008 -1"><span class='ocrx_word' id='word_1_65' title='bbox 155 951 208 998; x_wconf 65' lang='lat' dir='ltr'><strong>tim</strong></span> <span class='ocrx_word' id='word_1_66' title='bbox 218 946 404 1008; x_wconf 62' lang='lat' dir='ltr'><strong>angelicarum,</strong></span> <span class='ocrx_word' id='word_1_67' title='bbox 413 947 490 1005; x_wconf 65' lang='lat' dir='ltr'><strong>(lilim</strong></span> <span class='ocrx_word' id='word_1_68' title='bbox 500 945 671 996; x_wconf 68' lang='lat' dir='ltr'><strong>humanarum</strong></span> <span class='ocrx_word' id='word_1_69' title='bbox 682 945 754 995; x_wconf 86' lang='lat' dir='ltr'><strong>lami-</strong></span> <span class='ocrx_word' id='word_1_70' title='bbox 776 959 817 1005; x_wconf 89' lang='lat' dir='ltr'><strong>tas</strong></span> <span class='ocrx_word' id='word_1_71' title='bbox 830 954 858 1004; x_wconf 90' lang='lat' dir='ltr'><strong>in</strong></span> <span class='ocrx_word' id='word_1_72' title='bbox 870 953 946 1006; x_wconf 87' lang='lat' dir='ltr'><strong>eoelis</strong></span> <span class='ocrx_word' id='word_1_73' title='bbox 959 956 986 1004; x_wconf 88' lang='lat' dir='ltr'><strong>et</strong></span> <span class='ocrx_word' id='word_1_74' title='bbox 997 951 1028 1002; x_wconf 88' lang='lat' dir='ltr'><strong>in</strong></span> <span class='ocrx_word' id='word_1_75' title='bbox 1043 956 1119 1002; x_wconf 88' lang='lat' dir='ltr'><strong>terra</strong></span> <span class='ocrx_word' id='word_1_76' title='bbox 1131 946 1212 1001; x_wconf 90' lang='lat' dir='ltr'><strong>nomi·</strong></span> 
     </span>
     <span class='ocr_line' id='line_1_10' title="bbox 154 1016 865 1083; baseline -0.001 -15"><span class='ocrx_word' id='word_1_77' title='bbox 154 1017 248 1068; x_wconf 89' lang='lat' dir='ltr'><strong>llarum</strong></span> <span class='ocrx_word' id='word_1_78' title='bbox 262 1020 331 1080; x_wconf 89' lang='lat' dir='ltr'><strong>pater</strong></span> <span class='ocrx_word' id='word_1_79' title='bbox 350 1019 376 1065; x_wconf 90' lang='lat' dir='ltr'><strong>et</strong></span> <span class='ocrx_word' id='word_1_80' title='bbox 390 1019 478 1066; x_wconf 83' lang='lat' dir='ltr'><strong>auctor</strong></span> <span class='ocrx_word' id='word_1_81' title='bbox 495 1021 549 1078; x_wconf 85' lang='lat' dir='ltr'><strong>est,</strong></span> <span class='ocrx_word' id='word_1_82' title='bbox 568 1016 627 1067; x_wconf 82' lang='lat' dir='ltr'><strong>liodt</strong></span> <span class='ocrx_word' id='word_1_83' title='bbox 647 1017 753 1066; x_wconf 78' lang='lat' dir='ltr'><strong>diuersi·</strong></span> <span class='ocrx_word' id='word_1_84' title='bbox 775 1038 865 1083; x_wconf 58' lang='lat' dir='ltr'>naum</span> 
     </span>
     <span class='ocr_line' id='line_1_11' title="bbox 156 1085 1211 1216; baseline -0.004 -13"><span class='ocrx_word' id='word_1_85' title='bbox 156 1085 311 1215; x_wconf 47' lang='grc' dir='ltr'>Ἥρωι,</span> <span class='ocrx_word' id='word_1_86' title='bbox 333 1154 455 1215; x_wconf 90' lang='lat' dir='ltr'><strong>inquam,</strong></span> <span class='ocrx_word' id='word_1_87' title='bbox 471 1153 551 1203; x_wconf 83' lang='lat' dir='ltr'><strong>ileum</strong></span> <span class='ocrx_word' id='word_1_88' title='bbox 570 1165 646 1216; x_wconf 87' lang='lat' dir='ltr'><strong>rogo,</strong></span> <span class='ocrx_word' id='word_1_89' title='bbox 660 1156 690 1202; x_wconf 85' lang='lat' dir='ltr'><strong>ui</strong></span> <span class='ocrx_word' id='word_1_90' title='bbox 708 1164 754 1214; x_wconf 90' lang='lat' dir='ltr'><strong>pro</strong></span> <span class='ocrx_word' id='word_1_91' title='bbox 809 1156 854 1206; x_wconf 81' lang='grc'><strong>46.</strong></span> <span class='ocrx_word' id='word_1_92' title='bbox 863 1155 897 1205; x_wconf 87' lang='lat' dir='ltr'><strong>Ut</strong></span> <span class='ocrx_word' id='word_1_93' title='bbox 908 1152 955 1204; x_wconf 88' lang='lat' dir='ltr'><strong>det</strong></span> <span class='ocrx_word' id='word_1_94' title='bbox 963 1151 1054 1214; x_wconf 83' lang='lat' dir='ltr'><strong>vobis,</strong></span> <span class='ocrx_word' id='word_1_95' title='bbox 1064 1143 1211 1203; x_wconf 79' lang='lat' dir='ltr'><strong>secundior</strong></span> 
     </span>
     <span class='ocr_line' id='line_1_12' title="bbox 157 1221 1079 1345; baseline 0.003 -74"><span class='ocrx_word' id='word_1_96' title='bbox 157 1227 281 1345; x_wconf 54' lang='lat' dir='ltr'><strong>irrirffinsa</strong></span> <span class='ocrx_word' id='word_1_97' title='bbox 290 1222 404 1284; x_wconf 84' lang='lat' dir='ltr'><strong>largitate</strong></span> <span class='ocrx_word' id='word_1_98' title='bbox 414 1236 444 1274; x_wconf 87' lang='lat' dir='ltr'><strong>ae</strong></span> <span class='ocrx_word' id='word_1_99' title='bbox 452 1223 565 1273; x_wconf 87' lang='lat' dir='ltr'><strong>bonitate</strong></span> <span class='ocrx_word' id='word_1_100' title='bbox 573 1237 635 1286; x_wconf 87' lang='lat' dir='ltr'><strong>sua,</strong></span> <span class='ocrx_word' id='word_1_101' title='bbox 644 1223 694 1286; x_wconf 83' lang='lat' dir='ltr'><strong>qul</strong></span> <span class='ocrx_word' id='word_1_102' title='bbox 700 1221 754 1284; x_wconf 82' lang='lat' dir='ltr'><strong>glo-</strong></span> <span class='ocrx_word' id='word_1_103' title='bbox 775 1231 884 1284; x_wconf 70' lang='lat' dir='ltr'><strong>divitias</strong></span> <span class='ocrx_word' id='word_1_104' title='bbox 896 1229 990 1296; x_wconf 74' lang='lat' dir='ltr'><strong>gloriae</strong></span> <span class='ocrx_word' id='word_1_105' title='bbox 1005 1240 1079 1293; x_wconf 66' lang='lat' dir='ltr'><strong>suae,</strong></span> 
     </span>
    </p>
   </div>
   <div class='ocr_carea' id='block_1_5' title="bbox 127 1431 1212 1837">
    <p class='ocr_par' dir='ltr' id='par_1_5' title="bbox 127 1431 1212 1837">
     <span class='ocr_line' id='line_1_13' title="bbox 188 1431 1212 1495; baseline -0.007 -12"><span class='ocrx_word' id='word_1_106' title='bbox 188 1433 266 1495; x_wconf 83' lang='lat' dir='ltr'><strong>Syrus</strong></span> <span class='ocrx_word' id='word_1_107' title='bbox 280 1435 356 1482; x_wconf 88' lang='lat' dir='ltr'><strong>etiam</strong></span> <span class='ocrx_word' id='word_1_108' title='bbox 370 1451 377 1482; x_wconf 73' lang='grc' dir='ltr'><strong>ε</strong></span> <span class='ocrx_word' id='word_1_109' title='bbox 389 1436 540 1494; x_wconf 88' lang='lat' dir='ltr'><strong>quapropter</strong></span> <span class='ocrx_word' id='word_1_110' title='bbox 551 1436 608 1495; x_wconf 90' lang='lat' dir='ltr'><strong>peto</strong></span> <span class='ocrx_word' id='word_1_111' title='bbox 621 1446 653 1483; x_wconf 88' lang='lat' dir='ltr'><strong>ne</strong></span> <span class='ocrx_word' id='word_1_112' title='bbox 666 1447 708 1482; x_wconf 89' lang='lat' dir='ltr'><strong>me</strong></span> <span class='ocrx_word' id='word_1_113' title='bbox 719 1433 809 1483; x_wconf 80' lang='lat' dir='ltr'><strong>tedeat</strong></span> <span class='ocrx_word' id='word_1_114' title='bbox 820 1431 1011 1493; x_wconf 82' lang='lat' dir='ltr'><strong>oppressionum</strong></span> <span class='ocrx_word' id='word_1_115' title='bbox 1024 1438 1212 1488; x_wconf 61' lang='lat' dir='ltr'><strong>mearumque</strong></span> 
     </span>
     <span class='ocr_line' id='line_1_14' title="bbox 159 1499 880 1563; baseline -0.006 -12"><span class='ocrx_word' id='word_1_116' title='bbox 159 1504 220 1551; x_wconf 87' lang='lat' dir='ltr'><strong>sunt</strong></span> <span class='ocrx_word' id='word_1_117' title='bbox 230 1512 276 1563; x_wconf 90' lang='lat' dir='ltr'><strong>pro</strong></span> <span class='ocrx_word' id='word_1_118' title='bbox 287 1501 359 1550; x_wconf 86' lang='lat' dir='ltr'><strong>vobis</strong></span> <span class='ocrx_word' id='word_1_119' title='bbox 364 1515 375 1561; x_wconf 89' lang='lat'><em>;</em></span> <span class='ocrx_word' id='word_1_120' title='bbox 385 1499 444 1550; x_wconf 86' lang='lat' dir='ltr'><strong>edm</strong></span> <span class='ocrx_word' id='word_1_121' title='bbox 455 1499 505 1549; x_wconf 86' lang='lat' dir='ltr'><strong>hoo</strong></span> <span class='ocrx_word' id='word_1_122' title='bbox 517 1501 589 1550; x_wconf 82' lang='lat' dir='ltr'><strong>cedat</strong></span> <span class='ocrx_word' id='word_1_123' title='bbox 602 1503 630 1550; x_wconf 89' lang='lat' dir='ltr'><strong>in</strong></span> <span class='ocrx_word' id='word_1_124' title='bbox 645 1501 749 1563; x_wconf 87' lang='lat' dir='ltr'><strong>gloriam</strong></span> <span class='ocrx_word' id='word_1_125' title='bbox 760 1504 880 1549; x_wconf 86' lang='lat' dir='ltr'><strong>vestram.</strong></span> 
     </span>
     <span class='ocr_line' id='line_1_15' title="bbox 190 1563 1211 1631; baseline -0.007 -14"><span class='ocrx_word' id='word_1_126' title='bbox 190 1567 239 1617; x_wconf 87' lang='lat' dir='ltr'><strong>Sed</strong></span> <span class='ocrx_word' id='word_1_127' title='bbox 251 1568 329 1619; x_wconf 83' lang='lat' dir='ltr'><strong>Graeel</strong></span> <span class='ocrx_word' id='word_1_128' title='bbox 340 1580 427 1618; x_wconf 88' lang='lat' dir='ltr'><strong>omnes</strong></span> <span class='ocrx_word' id='word_1_129' title='bbox 443 1567 580 1618; x_wconf 86' lang='lat' dir='ltr'><strong>lradueunt</strong></span> <span class='ocrx_word' id='word_1_130' title='bbox 594 1571 621 1618; x_wconf 90' lang='lat' dir='ltr'><strong>in</strong></span> <span class='ocrx_word' id='word_1_131' title='bbox 636 1569 746 1619; x_wconf 72' lang='lat' dir='ltr'><strong>mounda</strong></span> <span class='ocrx_word' id='word_1_132' title='bbox 757 1580 879 1631; x_wconf 85' lang='lat' dir='ltr'><strong>persona,</strong></span> <span class='ocrx_word' id='word_1_133' title='bbox 891 1567 959 1616; x_wconf 89' lang='lat' dir='ltr'><strong>siout</strong></span> <span class='ocrx_word' id='word_1_134' title='bbox 968 1563 1077 1627; x_wconf 82' lang='lat' dir='ltr'><strong>Vulgata</strong></span> <span class='ocrx_word' id='word_1_135' title='bbox 1087 1563 1211 1623; x_wconf 85' lang='lat' dir='ltr'><strong>nostra,et</strong></span> 
     </span>
     <span class='ocr_line' id='line_1_16' title="bbox 127 1638 910 1701; baseline -0.008 -10"><span class='ocrx_word' id='word_1_136' title='bbox 127 1683 130 1691; x_wconf 91' lang='lat'>.</span> <span class='ocrx_word' id='word_1_137' title='bbox 160 1639 215 1701; x_wconf 85' lang='lat' dir='ltr'><strong>ipse</strong></span> <span class='ocrx_word' id='word_1_138' title='bbox 231 1641 361 1688; x_wconf 83' lang='lat' dir='ltr'><strong>contextus</strong></span> <span class='ocrx_word' id='word_1_139' title='bbox 372 1638 483 1700; x_wconf 80' lang='lat' dir='ltr'><strong>epistole</strong></span> <span class='ocrx_word' id='word_1_140' title='bbox 495 1638 591 1688; x_wconf 87' lang='lat' dir='ltr'><strong>indicat</strong></span> <span class='ocrx_word' id='word_1_141' title='bbox 604 1641 639 1688; x_wconf 91' lang='lat' dir='ltr'><strong>lta</strong></span> <span class='ocrx_word' id='word_1_142' title='bbox 649 1638 833 1688; x_wconf 80' lang='lat' dir='ltr'><strong>traducendum</strong></span> <span class='ocrx_word' id='word_1_143' title='bbox 848 1649 910 1686; x_wconf 88' lang='lat' dir='ltr'><strong>esse.</strong></span> 
     </span>
     <span class='ocr_line' id='line_1_17' title="bbox 191 1702 1211 1770; baseline -0.003 -15"><span class='ocrx_word' id='word_1_144' title='bbox 191 1705 305 1756; x_wconf 83' lang='lat' dir='ltr'><strong>limehst</strong></span> <span class='ocrx_word' id='word_1_145' title='bbox 323 1705 456 1770; x_wconf 77' lang='lat' dir='ltr'><strong>Apostolus</strong></span> <span class='ocrx_word' id='word_1_146' title='bbox 470 1719 503 1756; x_wconf 93' lang='lat' dir='ltr'><strong>ne</strong></span> <span class='ocrx_word' id='word_1_147' title='bbox 519 1707 635 1769; x_wconf 82' lang='lat' dir='ltr'><strong>Ephesii,</strong></span> <span class='ocrx_word' id='word_1_148' title='bbox 649 1709 677 1756; x_wconf 90' lang='lat' dir='ltr'><strong>in</strong></span> <span class='ocrx_word' id='word_1_149' title='bbox 695 1706 745 1756; x_wconf 86' lang='lat' dir='ltr'><strong>ilde</strong></span> <span class='ocrx_word' id='word_1_150' title='bbox 757 1705 866 1766; x_wconf 81' lang='lat' dir='ltr'><strong>novelli,</strong></span> <span class='ocrx_word' id='word_1_151' title='bbox 881 1707 968 1755; x_wconf 88' lang='lat' dir='ltr'><strong>animo</strong></span> <span class='ocrx_word' id='word_1_152' title='bbox 983 1702 1106 1754; x_wconf 80' lang='lat' dir='ltr'><strong>oederent</strong></span> <span class='ocrx_word' id='word_1_153' title='bbox 1120 1702 1152 1752; x_wconf 90' lang='lat' dir='ltr'><strong>oh</strong></span> <span class='ocrx_word' id='word_1_154' title='bbox 1163 1702 1211 1752; x_wconf 85' lang='lat' dir='ltr'><strong>rin·</strong></span> 
     </span>
     <span class='ocr_line' id='line_1_18' title="bbox 161 1773 699 1837; baseline -0.002 -12"><span class='ocrx_word' id='word_1_155' title='bbox 161 1773 233 1834; x_wconf 84' lang='lat' dir='ltr'><strong>ouis,</strong></span> <span class='ocrx_word' id='word_1_156' title='bbox 247 1777 385 1837; x_wconf 73' lang='lat' dir='ltr'><strong>ceteraque</strong></span> <span class='ocrx_word' id='word_1_157' title='bbox 401 1773 468 1824; x_wconf 86' lang='lat' dir='ltr'><strong>mala</strong></span> <span class='ocrx_word' id='word_1_158' title='bbox 480 1785 536 1836; x_wconf 82' lang='lat' dir='ltr'><strong>quae</strong></span> <span class='ocrx_word' id='word_1_159' title='bbox 549 1776 699 1836; x_wconf 87' lang='lat' dir='ltr'><strong>patiebatur.</strong></span> 
     </span>
    </p>
   </div>
   <div class='ocr_carea' id='block_1_6' title="bbox 162 1847 1210 2677">
    <p class='ocr_par' dir='ltr' id='par_1_6' title="bbox 162 1847 1209 2058">
     <span class='ocr_line' id='line_1_19' title="bbox 191 1847 1209 1915; baseline -0.003 -16"><span class='ocrx_word' id='word_1_160' title='bbox 191 1851 256 1900; x_wconf 86' lang='lat' dir='ltr'><strong>ilino</strong></span> <span class='ocrx_word' id='word_1_161' title='bbox 264 1887 271 1909; x_wconf 95' lang='lat'><strong>,</strong></span> <span class='ocrx_word' id='word_1_162' title='bbox 278 1856 348 1914; x_wconf 81' lang='lat' dir='ltr'><strong>peto,</strong></span> <span class='ocrx_word' id='word_1_163' title='bbox 356 1853 468 1911; x_wconf 75' lang='grc' dir='ltr'><strong>αιτοῦμαι</strong></span> <span class='ocrx_word' id='word_1_164' title='bbox 477 1865 567 1915; x_wconf 89' lang='lat' dir='ltr'><strong>,poseo</strong></span> <span class='ocrx_word' id='word_1_165' title='bbox 574 1890 581 1913; x_wconf 91' lang='lat'>‚</span> <span class='ocrx_word' id='word_1_166' title='bbox 589 1856 659 1914; x_wconf 74' lang='lat' dir='ltr'><strong>erigo</strong></span> <span class='ocrx_word' id='word_1_167' title='bbox 668 1890 675 1913; x_wconf 92' lang='lat'><strong>,</strong></span> <span class='ocrx_word' id='word_1_168' title='bbox 684 1865 737 1903; x_wconf 91' lang='lat' dir='ltr'><strong>non</strong></span> <span class='ocrx_word' id='word_1_169' title='bbox 746 1852 761 1901; x_wconf 77' lang='lat' dir='ltr'><strong>i</strong></span> <span class='ocrx_word' id='word_1_170' title='bbox 771 1852 821 1903; x_wconf 84' lang='lat' dir='ltr'><strong>ileo</strong></span> <span class='ocrx_word' id='word_1_171' title='bbox 830 1851 874 1901; x_wconf 88' lang='lat' dir='ltr'><strong>sed</strong></span> <span class='ocrx_word' id='word_1_172' title='bbox 882 1851 897 1900; x_wconf 79' lang='lat' dir='ltr'><strong>a</strong></span> <span class='ocrx_word' id='word_1_173' title='bbox 904 1852 990 1910; x_wconf 84' lang='lat' dir='ltr'><strong>vobis,</strong></span> <span class='ocrx_word' id='word_1_174' title='bbox 998 1862 1032 1899; x_wconf 90' lang='lat' dir='ltr'><strong>ne</strong></span> <span class='ocrx_word' id='word_1_175' title='bbox 1042 1847 1209 1912; x_wconf 82' lang='lat' dir='ltr'><strong>expavesontls,</strong></span> 
     </span>
     <span class='ocr_line' id='line_1_20' title="bbox 162 1916 1209 1981; baseline 0.003 -12"><span class='ocrx_word' id='word_1_176' title='bbox 162 1922 297 1981; x_wconf 83' lang='lat' dir='ltr'><strong>animoque</strong></span> <span class='ocrx_word' id='word_1_177' title='bbox 314 1921 409 1970; x_wconf 83' lang='lat' dir='ltr'><strong>cadatis</strong></span> <span class='ocrx_word' id='word_1_178' title='bbox 426 1921 457 1970; x_wconf 89' lang='lat' dir='ltr'><strong>oh</strong></span> <span class='ocrx_word' id='word_1_179' title='bbox 476 1921 530 1970; x_wconf 79' lang='lat' dir='ltr'><strong>liae</strong></span> <span class='ocrx_word' id='word_1_180' title='bbox 543 1922 646 1972; x_wconf 82' lang='lat' dir='ltr'><strong>vinnula</strong></span> <span class='ocrx_word' id='word_1_181' title='bbox 667 1926 691 1971; x_wconf 89' lang='lat' dir='ltr'><strong>et</strong></span> <span class='ocrx_word' id='word_1_182' title='bbox 708 1921 759 1970; x_wconf 86' lang='lat' dir='ltr'><strong>alia</strong></span> <span class='ocrx_word' id='word_1_183' title='bbox 779 1920 847 1970; x_wconf 89' lang='lat' dir='ltr'><strong>mala</strong></span> <span class='ocrx_word' id='word_1_184' title='bbox 864 1931 921 1980; x_wconf 79' lang='lat' dir='ltr'><strong>qua</strong></span> <span class='ocrx_word' id='word_1_185' title='bbox 938 1921 1021 1981; x_wconf 86' lang='lat' dir='ltr'><strong>patior</strong></span> <span class='ocrx_word' id='word_1_186' title='bbox 1034 1918 1114 1969; x_wconf 83' lang='lat' dir='ltr'><strong>vestri</strong></span> <span class='ocrx_word' id='word_1_187' title='bbox 1134 1916 1209 1972; x_wconf 68' lang='lat' dir='ltr'><strong>causi,</strong></span> 
     </span>
     <span class='ocr_line' id='line_1_21' title="bbox 163 1987 1126 2058; baseline -0.003 -19"><span class='ocrx_word' id='word_1_188' title='bbox 163 1990 272 2050; x_wconf 86' lang='lat' dir='ltr'><strong>sollieet,</strong></span> <span class='ocrx_word' id='word_1_189' title='bbox 283 1991 343 2050; x_wconf 90' lang='lat' dir='ltr'><strong>quia</strong></span> <span class='ocrx_word' id='word_1_190' title='bbox 358 1989 429 2038; x_wconf 87' lang='lat' dir='ltr'><strong>vobls</strong></span> <span class='ocrx_word' id='word_1_191' title='bbox 444 1989 559 2052; x_wconf 81' lang='lat' dir='ltr'><strong>Ephesiis</strong></span> <span class='ocrx_word' id='word_1_192' title='bbox 575 1993 600 2038; x_wconf 87' lang='lat' dir='ltr'><strong>et</strong></span> <span class='ocrx_word' id='word_1_193' title='bbox 612 1989 670 2043; x_wconf 85' lang='lat' dir='ltr'><strong>aliis</strong></span> <span class='ocrx_word' id='word_1_194' title='bbox 682 1990 823 2040; x_wconf 84' lang='lat' dir='ltr'><strong>Gentilibus</strong></span> <span class='ocrx_word' id='word_1_195' title='bbox 836 1988 965 2037; x_wconf 86' lang='lat' dir='ltr'><strong>Christum</strong></span> <span class='ocrx_word' id='word_1_196' title='bbox 980 1987 1101 2048; x_wconf 76' lang='lat' dir='ltr'><strong>praudieo.</strong></span> <span class='ocrx_word' id='word_1_197' title='bbox 1122 2052 1126 2058; x_wconf 19' lang='lat' dir='ltr'><strong>q</strong></span> 
     </span>
    </p>

    <p class='ocr_par' dir='ltr' id='par_1_7' title="bbox 164 2057 1210 2331">
     <span class='ocr_line' id='line_1_22' title="bbox 196 2057 1210 2134; baseline -0.008 -22"><span class='ocrx_word' id='word_1_198' title='bbox 196 2065 256 2121; x_wconf 81' lang='lat' dir='ltr'><strong>Quo</strong></span> <span class='ocrx_word' id='word_1_199' title='bbox 270 2069 304 2112; x_wconf 82' lang='lat' dir='ltr'><strong>est</strong></span> <span class='ocrx_word' id='word_1_200' title='bbox 316 2063 400 2124; x_wconf 71' lang='lat' dir='ltr'><strong>glorio</strong></span> <span class='ocrx_word' id='word_1_201' title='bbox 411 2068 493 2112; x_wconf 82' lang='lat' dir='ltr'><strong>oestro</strong></span> <span class='ocrx_word' id='word_1_202' title='bbox 501 2079 510 2119; x_wconf 86' lang='grc'><strong>,·</strong></span> <span class='ocrx_word' id='word_1_203' title='bbox 518 2065 580 2124; x_wconf 90' lang='lat' dir='ltr'><strong>quin</strong></span> <span class='ocrx_word' id='word_1_204' title='bbox 589 2064 673 2126; x_wconf 79' lang='lat' dir='ltr'><strong>potiris</strong></span> <span class='ocrx_word' id='word_1_205' title='bbox 683 2065 712 2113; x_wconf 95' lang='lat' dir='ltr'><strong>ln</strong></span> <span class='ocrx_word' id='word_1_206' title='bbox 724 2064 765 2112; x_wconf 89' lang='lat' dir='ltr'><strong>his</strong></span> <span class='ocrx_word' id='word_1_207' title='bbox 778 2062 878 2123; x_wconf 85' lang='lat' dir='ltr'><strong>gloriari</strong></span> <span class='ocrx_word' id='word_1_208' title='bbox 890 2073 942 2110; x_wconf 94' lang='lat' dir='ltr'><strong>non</strong></span> <span class='ocrx_word' id='word_1_209' title='bbox 956 2064 1070 2122; x_wconf 85' lang='lat' dir='ltr'><strong>oportet;</strong></span> <span class='ocrx_word' id='word_1_210' title='bbox 1080 2060 1136 2111; x_wconf 74' lang='lat' dir='ltr'><strong>hae</strong></span> <span class='ocrx_word' id='word_1_211' title='bbox 1145 2057 1210 2134; x_wconf 70' lang='lat' dir='ltr'><strong>siqui</strong></span> 
     </span>
     <span class='ocr_line' id='line_1_23' title="bbox 164 2125 1209 2195; baseline -0.004 -14"><span class='ocrx_word' id='word_1_212' title='bbox 164 2132 222 2181; x_wconf 89' lang='lat' dir='ltr'><strong>dem</strong></span> <span class='ocrx_word' id='word_1_213' title='bbox 232 2130 335 2180; x_wconf 86' lang='lat' dir='ltr'><strong>vincula</strong></span> <span class='ocrx_word' id='word_1_214' title='bbox 346 2135 372 2181; x_wconf 86' lang='lat' dir='ltr'><strong>et</strong></span> <span class='ocrx_word' id='word_1_215' title='bbox 381 2134 509 2194; x_wconf 82' lang='lat' dir='ltr'><strong>passiones</strong></span> <span class='ocrx_word' id='word_1_216' title='bbox 522 2137 582 2181; x_wconf 88' lang='lat' dir='ltr'><strong>sunt</strong></span> <span class='ocrx_word' id='word_1_217' title='bbox 592 2137 715 2195; x_wconf 83' lang='lat' dir='ltr'><strong>stygmata</strong></span> <span class='ocrx_word' id='word_1_218' title='bbox 725 2137 749 2182; x_wconf 88' lang='lat' dir='ltr'><strong>et</strong></span> <span class='ocrx_word' id='word_1_219' title='bbox 760 2134 868 2192; x_wconf 81' lang='lat' dir='ltr'><strong>insignia</strong></span> <span class='ocrx_word' id='word_1_220' title='bbox 880 2130 986 2190; x_wconf 76' lang='lat' dir='ltr'><strong>Chrisli3</strong></span> <span class='ocrx_word' id='word_1_221' title='bbox 996 2132 1099 2192; x_wconf 83' lang='lat' dir='ltr'><strong>meique</strong></span> <span class='ocrx_word' id='word_1_222' title='bbox 1109 2125 1209 2189; x_wconf 75' lang='lat' dir='ltr'><strong>martyri</strong></span> 
     </span>
     <span class='ocr_line' id='line_1_24' title="bbox 164 2195 1209 2262; baseline -0.007 -13"><span class='ocrx_word' id='word_1_223' title='bbox 164 2199 301 2262; x_wconf 84' lang='lat' dir='ltr'><strong>praeludie,</strong></span> <span class='ocrx_word' id='word_1_224' title='bbox 313 2203 339 2248; x_wconf 88' lang='lat' dir='ltr'><strong>et</strong></span> <span class='ocrx_word' id='word_1_225' title='bbox 349 2203 530 2260; x_wconf 87' lang='lat' dir='ltr'><strong>consequenter</strong></span> <span class='ocrx_word' id='word_1_226' title='bbox 546 2203 724 2260; x_wconf 85' lang='lat' dir='ltr'><strong>vest1·a,sieut</strong></span> <span class='ocrx_word' id='word_1_227' title='bbox 739 2203 764 2248; x_wconf 84' lang='lat' dir='ltr'><strong>et</strong></span> <span class='ocrx_word' id='word_1_228' title='bbox 780 2212 837 2248; x_wconf 87' lang='lat' dir='ltr'><strong>men</strong></span> <span class='ocrx_word' id='word_1_229' title='bbox 849 2198 940 2260; x_wconf 62' lang='lat' dir='ltr'><strong>gloriam</strong></span> <span class='ocrx_word' id='word_1_230' title='bbox 954 2198 1022 2259; x_wconf 79' lang='lat' dir='ltr'><strong>quod</strong></span> <span class='ocrx_word' id='word_1_231' title='bbox 1036 2212 1082 2261; x_wconf 89' lang='lat' dir='ltr'><strong>ego</strong></span> <span class='ocrx_word' id='word_1_232' title='bbox 1093 2195 1209 2262; x_wconf 78' lang='lat' dir='ltr'><strong>Apostolus</strong></span> 
     </span>
     <span class='ocr_line' id='line_1_25' title="bbox 164 2268 884 2331; baseline 0 -13"><span class='ocrx_word' id='word_1_233' title='bbox 164 2272 246 2318; x_wconf 83' lang='lat' dir='ltr'><strong>vester</strong></span> <span class='ocrx_word' id='word_1_234' title='bbox 259 2268 349 2328; x_wconf 82' lang='lat' dir='ltr'><strong>dignus</strong></span> <span class='ocrx_word' id='word_1_235' title='bbox 359 2269 452 2318; x_wconf 86' lang='lat' dir='ltr'><strong>habear</strong></span> <span class='ocrx_word' id='word_1_236' title='bbox 463 2282 508 2331; x_wconf 91' lang='lat' dir='ltr'><strong>pro</strong></span> <span class='ocrx_word' id='word_1_237' title='bbox 521 2269 620 2318; x_wconf 85' lang='lat' dir='ltr'><strong>Christo</strong></span> <span class='ocrx_word' id='word_1_238' title='bbox 630 2269 690 2319; x_wconf 88' lang='lat' dir='ltr'><strong>talia</strong></span> <span class='ocrx_word' id='word_1_239' title='bbox 704 2274 729 2318; x_wconf 89' lang='lat' dir='ltr'><strong>et</strong></span> <span class='ocrx_word' id='word_1_240' title='bbox 739 2273 810 2318; x_wconf 88' lang='lat' dir='ltr'><strong>tanta</strong></span> <span class='ocrx_word' id='word_1_241' title='bbox 823 2271 884 2330; x_wconf 83' lang='lat' dir='ltr'><strong>pati.</strong></span> 
     </span>
    </p>

    <p class='ocr_par' dir='ltr' id='par_1_8' title="bbox 165 2334 1207 2538">
     <span class='ocr_line' id='line_1_26' title="bbox 195 2334 1207 2400; baseline -0.004 -14"><span class='ocrx_word' id='word_1_242' title='bbox 195 2337 310 2398; x_wconf 83' lang='lat' dir='ltr'><strong>Ephesiis</strong></span> <span class='ocrx_word' id='word_1_243' title='bbox 320 2340 346 2386; x_wconf 87' lang='lat' dir='ltr'><strong>et</strong></span> <span class='ocrx_word' id='word_1_244' title='bbox 355 2337 495 2388; x_wconf 85' lang='lat' dir='ltr'><strong>Gentilibus</strong></span> <span class='ocrx_word' id='word_1_245' title='bbox 508 2339 626 2388; x_wconf 89' lang='lat' dir='ltr'><strong>omnibus</strong></span> <span class='ocrx_word' id='word_1_246' title='bbox 637 2338 748 2399; x_wconf 79' lang='lat' dir='ltr'><strong>glorioso</strong></span> <span class='ocrx_word' id='word_1_247' title='bbox 764 2342 824 2387; x_wconf 88' lang='lat' dir='ltr'><strong>sunt</strong></span> <span class='ocrx_word' id='word_1_248' title='bbox 838 2340 966 2400; x_wconf 89' lang='lat' dir='ltr'><strong>passiones</strong></span> <span class='ocrx_word' id='word_1_249' title='bbox 981 2337 1173 2399; x_wconf 78' lang='lat' dir='ltr'><strong>Apostolorum,</strong></span> <span class='ocrx_word' id='word_1_250' title='bbox 1183 2334 1207 2382; x_wconf 87' lang='lat' dir='ltr'><strong>all</strong></span> 
     </span>
     <span class='ocr_line' id='line_1_27' title="bbox 165 2403 1207 2468; baseline -0.002 -14"><span class='ocrx_word' id='word_1_251' title='bbox 165 2405 194 2454; x_wconf 77' lang='lat' dir='ltr'><strong>il.</strong></span> <span class='ocrx_word' id='word_1_252' title='bbox 204 2404 410 2467; x_wconf 79' lang='lat' dir='ltr'><strong>chrysostomus,</strong></span> <span class='ocrx_word' id='word_1_253' title='bbox 418 2408 477 2467; x_wconf 90' lang='lat' dir='ltr'><strong>qula</strong></span> <span class='ocrx_word' id='word_1_254' title='bbox 492 2406 603 2468; x_wconf 84' lang='lat' dir='ltr'><strong>perillus</strong></span> <span class='ocrx_word' id='word_1_255' title='bbox 618 2410 721 2468; x_wconf 85' lang='lat' dir='ltr'><strong>apparet</strong></span> <span class='ocrx_word' id='word_1_256' title='bbox 734 2409 822 2467; x_wconf 89' lang='lat' dir='ltr'><strong>quanli</strong></span> <span class='ocrx_word' id='word_1_257' title='bbox 838 2419 884 2456; x_wconf 88' lang='lat' dir='ltr'><strong>nos</strong></span> <span class='ocrx_word' id='word_1_258' title='bbox 898 2406 974 2456; x_wconf 88' lang='lat' dir='ltr'><strong>laoial</strong></span> <span class='ocrx_word' id='word_1_259' title='bbox 986 2406 1068 2467; x_wconf 88' lang='lat' dir='ltr'><strong>Deus,</strong></span> <span class='ocrx_word' id='word_1_260' title='bbox 1080 2408 1124 2467; x_wconf 93' lang='lat' dir='ltr'><strong>qul</strong></span> <span class='ocrx_word' id='word_1_261' title='bbox 1134 2403 1207 2454; x_wconf 81' lang='lat' dir='ltr'><strong>iiim</strong></span> 
     </span>
     <span class='ocr_line' id='line_1_28' title="bbox 166 2475 918 2538; baseline 0 -14"><span class='ocrx_word' id='word_1_262' title='bbox 166 2479 278 2525; x_wconf 86' lang='lat' dir='ltr'><strong>suomet</strong></span> <span class='ocrx_word' id='word_1_263' title='bbox 291 2475 419 2537; x_wconf 79' lang='lat' dir='ltr'><strong>Apostolos</strong></span> <span class='ocrx_word' id='word_1_264' title='bbox 434 2488 479 2538; x_wconf 90' lang='lat' dir='ltr'><strong>pro</strong></span> <span class='ocrx_word' id='word_1_265' title='bbox 492 2480 577 2525; x_wconf 87' lang='lat' dir='ltr'><strong>nostra</strong></span> <span class='ocrx_word' id='word_1_266' title='bbox 589 2476 668 2525; x_wconf 88' lang='lat' dir='ltr'><strong>salute</strong></span> <span class='ocrx_word' id='word_1_267' title='bbox 679 2480 749 2524; x_wconf 85' lang='lat' dir='ltr'><strong>tanta</strong></span> <span class='ocrx_word' id='word_1_268' title='bbox 761 2479 813 2538; x_wconf 88' lang='lat' dir='ltr'><strong>pati</strong></span> <span class='ocrx_word' id='word_1_269' title='bbox 829 2476 918 2525; x_wconf 88' lang='lat' dir='ltr'><strong>voluit.</strong></span> 
     </span>
    </p>

    <p class='ocr_par' dir='ltr' id='par_1_9' title="bbox 166 2545 1206 2677">
     <span class='ocr_line' id='line_1_29' title="bbox 197 2545 1206 2607; baseline -0.002 -13"><span class='ocrx_word' id='word_1_270' title='bbox 197 2545 238 2594; x_wconf 88' lang='lat' dir='ltr'><strong>Sio</strong></span> <span class='ocrx_word' id='word_1_271' title='bbox 253 2546 318 2595; x_wconf 86' lang='lat' dir='ltr'><strong>Deus</strong></span> <span class='ocrx_word' id='word_1_272' title='bbox 330 2546 416 2596; x_wconf 79' lang='lat' dir='ltr'><strong>dilexit</strong></span> <span class='ocrx_word' id='word_1_273' title='bbox 433 2559 496 2606; x_wconf 92' lang='lat' dir='ltr'><strong>nos,</strong></span> <span class='ocrx_word' id='word_1_274' title='bbox 509 2551 539 2595; x_wconf 94' lang='lat' dir='ltr'><strong>ut</strong></span> <span class='ocrx_word' id='word_1_275' title='bbox 553 2548 630 2596; x_wconf 89' lang='lat' dir='ltr'><strong>etiam</strong></span> <span class='ocrx_word' id='word_1_276' title='bbox 646 2546 776 2607; x_wconf 86' lang='lat' dir='ltr'><strong>pronubis</strong></span> <span class='ocrx_word' id='word_1_277' title='bbox 793 2545 886 2594; x_wconf 87' lang='lat' dir='ltr'><strong>Filium</strong></span> <span class='ocrx_word' id='word_1_278' title='bbox 899 2559 974 2595; x_wconf 90' lang='lat' dir='ltr'><strong>suum</strong></span> <span class='ocrx_word' id='word_1_279' title='bbox 992 2546 1090 2596; x_wconf 82' lang='lat' dir='ltr'><strong>dederit</strong></span> <span class='ocrx_word' id='word_1_280' title='bbox 1107 2548 1206 2595; x_wconf 80' lang='lat' dir='ltr'><strong>sisenes</strong></span> 
     </span>
     <span class='ocr_line' id='line_1_30' title="bbox 166 2615 689 2677; baseline 0 -13"><span class='ocrx_word' id='word_1_281' title='bbox 166 2628 225 2665; x_wconf 92' lang='lat' dir='ltr'><strong>suos</strong></span> <span class='ocrx_word' id='word_1_282' title='bbox 236 2615 301 2665; x_wconf 76' lang='lat' dir='ltr'><strong>male</strong></span> <span class='ocrx_word' id='word_1_283' title='bbox 311 2616 432 2665; x_wconf 80' lang='lat' dir='ltr'><strong>affecerit.</strong></span> <span class='ocrx_word' id='word_1_284' title='bbox 446 2615 476 2664; x_wconf 82' lang='lat' dir='ltr'><strong>i).</strong></span> <span class='ocrx_word' id='word_1_285' title='bbox 488 2615 689 2677; x_wconf 87' lang='lat' dir='ltr'><strong>Chrysoslomus.</strong></span> 
     </span>
    </p>
   </div>
   <div class='ocr_carea' id='block_1_7' title="bbox 167 2697 1205 2829">
    <p class='ocr_par' dir='ltr' id='par_1_10' title="bbox 167 2697 1205 2829">
     <span class='ocr_line' id='line_1_31' title="bbox 199 2697 1205 2760; baseline -0.003 -14"><span class='ocrx_word' id='word_1_286' title='bbox 199 2701 236 2747; x_wconf 81' lang='lat' dir='ltr'><strong>il.</strong></span> <span class='ocrx_word' id='word_1_287' title='bbox 250 2697 334 2759; x_wconf 74' lang='lat' dir='ltr'><strong>Huius</strong></span> <span class='ocrx_word' id='word_1_288' title='bbox 347 2699 385 2747; x_wconf 82' lang='lat' dir='ltr'><strong>rei</strong></span> <span class='ocrx_word' id='word_1_289' title='bbox 398 2697 597 2760; x_wconf 79' lang='lat' dir='ltr'><strong>protid‚idest,</strong></span> <span class='ocrx_word' id='word_1_290' title='bbox 610 2699 716 2746; x_wconf 86' lang='lat' dir='ltr'><strong>nemeis</strong></span> <span class='ocrx_word' id='word_1_291' title='bbox 733 2700 814 2747; x_wconf 88' lang='lat' dir='ltr'><strong>territi</strong></span> <span class='ocrx_word' id='word_1_292' title='bbox 826 2698 915 2756; x_wconf 88' lang='lat' dir='ltr'><strong>malis,</strong></span> <span class='ocrx_word' id='word_1_293' title='bbox 929 2697 1070 2759; x_wconf 86' lang='lat' dir='ltr'><strong>delloiatis;</strong></span> <span class='ocrx_word' id='word_1_294' title='bbox 1084 2700 1111 2748; x_wconf 91' lang='lat' dir='ltr'><strong>ln</strong></span> <span class='ocrx_word' id='word_1_295' title='bbox 1125 2698 1205 2758; x_wconf 77' lang='lat' dir='ltr'><strong>signum</strong></span> 
     </span>
     <span class='ocr_line' id='line_1_32' title="bbox 167 2767 753 2829; baseline 0 -13"><span class='ocrx_word' id='word_1_296' title='bbox 167 2768 313 2816; x_wconf 73' lang='lat' dir='ltr'><strong>reverentie</strong></span> <span class='ocrx_word' id='word_1_297' title='bbox 330 2771 355 2816; x_wconf 87' lang='lat' dir='ltr'><strong>et</strong></span> <span class='ocrx_word' id='word_1_298' title='bbox 370 2768 547 2826; x_wconf 85' lang='lat' dir='ltr'><strong>subjectionis,</strong></span> <span class='ocrx_word' id='word_1_299' title='bbox 557 2767 626 2829; x_wconf 79' lang='lat' dir='ltr'><strong>flecto</strong></span> <span class='ocrx_word' id='word_1_300' title='bbox 642 2781 753 2828; x_wconf 80' lang='lat' dir='ltr'><strong>pennu...</strong></span> 
     </span>
    </p>
   </div>
   <div class='ocr_carea' id='block_1_8' title="bbox 168 2850 1252 3682">
    <p class='ocr_par' dir='ltr' id='par_1_11' title="bbox 201 2850 609 2913">
     <span class='ocr_line' id='line_1_33' title="bbox 201 2850 609 2913; baseline 0 -14"><span class='ocrx_word' id='word_1_301' title='bbox 201 2852 238 2899; x_wconf 86' lang='lat'><strong>15.</strong></span> <span class='ocrx_word' id='word_1_302' title='bbox 253 2853 291 2899; x_wconf 78' lang='lat' dir='ltr'><strong>Eo</strong></span> <span class='ocrx_word' id='word_1_303' title='bbox 306 2863 355 2913; x_wconf 81' lang='lat' dir='ltr'><strong>qao</strong></span> <span class='ocrx_word' id='word_1_304' title='bbox 369 2851 449 2899; x_wconf 83' lang='lat' dir='ltr'><strong>omnis</strong></span> <span class='ocrx_word' id='word_1_305' title='bbox 462 2850 609 2911; x_wconf 78' lang='lat' dir='ltr'><strong>paternitas.</strong></span> 
     </span>
    </p>

    <p class='ocr_par' dir='ltr' id='par_1_12' title="bbox 199 2925 747 2989">
     <span class='ocr_line' id='line_1_34' title="bbox 199 2925 747 2989; baseline -0.002 -12"><span class='ocrx_word' id='word_1_306' title='bbox 199 2927 242 2977; x_wconf 85' lang='lat' dir='ltr'><strong>Gr.</strong></span> <span class='ocrx_word' id='word_1_307' title='bbox 253 2927 362 2989; x_wconf 79' lang='grc' dir='ltr'>πατρία,</span> <span class='ocrx_word' id='word_1_308' title='bbox 375 2925 487 2987; x_wconf 83' lang='lat' dir='ltr'><strong>familia,</strong></span> <span class='ocrx_word' id='word_1_309' title='bbox 503 2929 598 2986; x_wconf 87' lang='lat' dir='ltr'><strong>tribus,</strong></span> <span class='ocrx_word' id='word_1_310' title='bbox 610 2927 747 2989; x_wconf 85' lang='lat' dir='ltr'><strong>parentela.</strong></span> 
     </span>
    </p>

    <p class='ocr_par' dir='ltr' id='par_1_13' title="bbox 168 2994 1252 3131">
     <span class='ocr_line' id='line_1_35' title="bbox 198 2994 1252 3064; baseline -0.002 -14"><span class='ocrx_word' id='word_1_311' title='bbox 198 3004 237 3050; x_wconf 78' lang='lat' dir='ltr'><strong>Es</strong></span> <span class='ocrx_word' id='word_1_312' title='bbox 250 3015 299 3063; x_wconf 82' lang='lat' dir='ltr'><strong>quo</strong></span> <span class='ocrx_word' id='word_1_313' title='bbox 311 3003 382 3063; x_wconf 88' lang='lat' dir='ltr'><strong>patre</strong></span> <span class='ocrx_word' id='word_1_314' title='bbox 399 3001 478 3050; x_wconf 77' lang='lat' dir='ltr'><strong>omnis</strong></span> <span class='ocrx_word' id='word_1_315' title='bbox 493 3001 610 3064; x_wconf 76' lang='lat' dir='ltr'><strong>familia,</strong></span> <span class='ocrx_word' id='word_1_316' title='bbox 623 3015 668 3050; x_wconf 89' lang='lat' dir='ltr'><strong>seu</strong></span> <span class='ocrx_word' id='word_1_317' title='bbox 685 2999 831 3062; x_wconf 87' lang='lat' dir='ltr'><strong>angelorum</strong></span> <span class='ocrx_word' id='word_1_318' title='bbox 849 3001 876 3048; x_wconf 92' lang='lat' dir='ltr'><strong>ln</strong></span> <span class='ocrx_word' id='word_1_319' title='bbox 893 2998 972 3060; x_wconf 85' lang='lat' dir='ltr'><strong>ooelo,</strong></span> <span class='ocrx_word' id='word_1_320' title='bbox 986 3011 1032 3049; x_wconf 88' lang='lat' dir='ltr'><strong>seu</strong></span> <span class='ocrx_word' id='word_1_321' title='bbox 1052 2994 1206 3049; x_wconf 78' lang='lat' dir='ltr'><strong>hominnnlu</strong></span> <span class='ocrx_word' id='word_1_322' title='bbox 1250 3012 1252 3061; x_wconf 67' lang='lat' dir='ltr'><strong>q</strong></span> 
     </span>
     <span class='ocr_line' id='line_1_36' title="bbox 168 3070 490 3131; baseline 0.003 -13"><span class='ocrx_word' id='word_1_323' title='bbox 168 3072 255 3131; x_wconf 87' lang='lat' dir='ltr'><strong>terris,</strong></span> <span class='ocrx_word' id='word_1_324' title='bbox 268 3072 390 3130; x_wconf 85' lang='lat' dir='ltr'><strong>originem</strong></span> <span class='ocrx_word' id='word_1_325' title='bbox 406 3070 490 3120; x_wconf 88' lang='lat' dir='ltr'><strong>habet.</strong></span> 
     </span>
    </p>

    <p class='ocr_par' dir='ltr' id='par_1_14' title="bbox 171 3135 1207 3265">
     <span class='ocr_line' id='line_1_37' title="bbox 200 3135 1207 3200; baseline -0.002 -16"><span class='ocrx_word' id='word_1_326' title='bbox 200 3136 245 3185; x_wconf 89' lang='lat' dir='ltr'><strong>ilie</strong></span> <span class='ocrx_word' id='word_1_327' title='bbox 256 3142 343 3187; x_wconf 87' lang='lat' dir='ltr'><strong>contra</strong></span> <span class='ocrx_word' id='word_1_328' title='bbox 358 3138 531 3199; x_wconf 83' lang='lat' dir='ltr'><strong>simonianos,</strong></span> <span class='ocrx_word' id='word_1_329' title='bbox 544 3140 586 3198; x_wconf 90' lang='lat' dir='ltr'><strong>qui</strong></span> <span class='ocrx_word' id='word_1_330' title='bbox 606 3138 679 3200; x_wconf 90' lang='lat' dir='ltr'><strong>plura</strong></span> <span class='ocrx_word' id='word_1_331' title='bbox 697 3139 820 3200; x_wconf 86' lang='lat' dir='ltr'><strong>principia</strong></span> <span class='ocrx_word' id='word_1_332' title='bbox 836 3135 1018 3196; x_wconf 88' lang='lat' dir='ltr'><strong>admittebant,</strong></span> <span class='ocrx_word' id='word_1_333' title='bbox 1029 3140 1055 3186; x_wconf 85' lang='lat' dir='ltr'><strong>et</strong></span> <span class='ocrx_word' id='word_1_334' title='bbox 1068 3137 1083 3186; x_wconf 79' lang='lat' dir='ltr'><strong>i</strong></span> <span class='ocrx_word' id='word_1_335' title='bbox 1096 3135 1207 3186; x_wconf 86' lang='lat' dir='ltr'><strong>malisan·</strong></span> 
     </span>
     <span class='ocr_line' id='line_1_38' title="bbox 171 3202 649 3265; baseline 0.006 -14"><span class='ocrx_word' id='word_1_336' title='bbox 171 3202 230 3265; x_wconf 83' lang='lat' dir='ltr'><strong>galis</strong></span> <span class='ocrx_word' id='word_1_337' title='bbox 241 3205 366 3254; x_wconf 91' lang='lat' dir='ltr'><strong>mundum</strong></span> <span class='ocrx_word' id='word_1_338' title='bbox 379 3205 510 3254; x_wconf 87' lang='lat' dir='ltr'><strong>eonditum</strong></span> <span class='ocrx_word' id='word_1_339' title='bbox 523 3205 649 3255; x_wconf 84' lang='lat' dir='ltr'><strong>dicebant.</strong></span> 
     </span>
    </p>

    <p class='ocr_par' dir='ltr' id='par_1_15' title="bbox 172 3272 1252 3404">
     <span class='ocr_line' id='line_1_39' title="bbox 200 3272 1252 3339; baseline 0.004 -20"><span class='ocrx_word' id='word_1_340' title='bbox 200 3272 366 3334; x_wconf 80' lang='lat' dir='ltr'><strong>hletaphorloe</strong></span> <span class='ocrx_word' id='word_1_341' title='bbox 375 3279 460 3331; x_wconf 80' lang='lat' dir='ltr'><strong>aulem</strong></span> <span class='ocrx_word' id='word_1_342' title='bbox 469 3275 496 3322; x_wconf 92' lang='lat' dir='ltr'><strong>iu</strong></span> <span class='ocrx_word' id='word_1_343' title='bbox 507 3274 601 3335; x_wconf 84' lang='lat' dir='ltr'><strong>angelis</strong></span> <span class='ocrx_word' id='word_1_344' title='bbox 611 3279 671 3324; x_wconf 88' lang='lat' dir='ltr'><strong>sunt</strong></span> <span class='ocrx_word' id='word_1_345' title='bbox 681 3273 791 3335; x_wconf 71' lang='lat' dir='ltr'><strong>familiis,</strong></span> <span class='ocrx_word' id='word_1_346' title='bbox 801 3278 925 3335; x_wconf 88' lang='lat' dir='ltr'><strong>quatenus</strong></span> <span class='ocrx_word' id='word_1_347' title='bbox 934 3273 1114 3337; x_wconf 86' lang='lat' dir='ltr'><strong>intelliguntur</strong></span> <span class='ocrx_word' id='word_1_348' title='bbox 1124 3273 1207 3323; x_wconf 75' lang='lat' dir='ltr'><strong>omes,</strong></span> <span class='ocrx_word' id='word_1_349' title='bbox 1250 3314 1252 3339; x_wconf 85' lang='lat'><strong>:</strong></span> 
     </span>
     <span class='ocr_line' id='line_1_40' title="bbox 172 3341 619 3404; baseline 0.007 -14"><span class='ocrx_word' id='word_1_350' title='bbox 172 3341 287 3402; x_wconf 86' lang='lat' dir='ltr'><strong>ordines,</strong></span> <span class='ocrx_word' id='word_1_351' title='bbox 299 3345 342 3404; x_wconf 93' lang='lat' dir='ltr'><strong>qui</strong></span> <span class='ocrx_word' id='word_1_352' title='bbox 355 3347 416 3392; x_wconf 88' lang='lat' dir='ltr'><strong>sunt</strong></span> <span class='ocrx_word' id='word_1_353' title='bbox 426 3345 498 3404; x_wconf 88' lang='lat' dir='ltr'><strong>quasi</strong></span> <span class='ocrx_word' id='word_1_354' title='bbox 510 3343 619 3393; x_wconf 75' lang='lat' dir='ltr'><strong>familiae.</strong></span> 
     </span>
    </p>

    <p class='ocr_par' dir='ltr' id='par_1_16' title="bbox 172 3409 1252 3612">
     <span class='ocr_line' id='line_1_41' title="bbox 203 3409 1209 3476; baseline -0.006 -17"><span class='ocrx_word' id='word_1_355' title='bbox 203 3410 279 3460; x_wconf 87' lang='lat' dir='ltr'><strong>Totus</strong></span> <span class='ocrx_word' id='word_1_356' title='bbox 297 3414 408 3464; x_wconf 91' lang='lat' dir='ltr'><strong>mundus</strong></span> <span class='ocrx_word' id='word_1_357' title='bbox 423 3414 500 3462; x_wconf 80' lang='lat' dir='ltr'><strong>unica</strong></span> <span class='ocrx_word' id='word_1_358' title='bbox 516 3413 559 3462; x_wconf 82' lang='lat' dir='ltr'><strong>llel</strong></span> <span class='ocrx_word' id='word_1_359' title='bbox 577 3412 672 3462; x_wconf 82' lang='lat' dir='ltr'><strong>familia</strong></span> <span class='ocrx_word' id='word_1_360' title='bbox 686 3419 739 3474; x_wconf 89' lang='lat' dir='ltr'><strong>est,</strong></span> <span class='ocrx_word' id='word_1_361' title='bbox 751 3417 824 3474; x_wconf 83' lang='lat' dir='ltr'><strong>eujus</strong></span> <span class='ocrx_word' id='word_1_362' title='bbox 839 3427 897 3475; x_wconf 85' lang='lat' dir='ltr'><strong>pars</strong></span> <span class='ocrx_word' id='word_1_363' title='bbox 915 3427 966 3462; x_wconf 90' lang='lat' dir='ltr'><strong>una</strong></span> <span class='ocrx_word' id='word_1_364' title='bbox 981 3415 1112 3476; x_wconf 89' lang='lat' dir='ltr'><strong>superior,</strong></span> <span class='ocrx_word' id='word_1_365' title='bbox 1128 3409 1209 3462; x_wconf 83' lang='lat' dir='ltr'><strong>interior</strong></span> 
     </span>
     <span class='ocr_line' id='line_1_42' title="bbox 172 3476 1252 3544; baseline 0.003 -18"><span class='ocrx_word' id='word_1_366' title='bbox 172 3477 250 3527; x_wconf 89' lang='lat' dir='ltr'><strong>altera</strong></span> <span class='ocrx_word' id='word_1_367' title='bbox 260 3498 267 3540; x_wconf 88' lang='lat'>;</span> <span class='ocrx_word' id='word_1_368' title='bbox 279 3483 303 3528; x_wconf 92' lang='lat' dir='ltr'><strong>et</strong></span> <span class='ocrx_word' id='word_1_369' title='bbox 314 3481 429 3531; x_wconf 89' lang='lat' dir='ltr'><strong>homines</strong></span> <span class='ocrx_word' id='word_1_370' title='bbox 440 3486 465 3529; x_wconf 89' lang='lat' dir='ltr'><strong>ei</strong></span> <span class='ocrx_word' id='word_1_371' title='bbox 478 3482 559 3542; x_wconf 88' lang='lat' dir='ltr'><strong>angeli</strong></span> <span class='ocrx_word' id='word_1_372' title='bbox 573 3486 633 3531; x_wconf 88' lang='lat' dir='ltr'><strong>sunl</strong></span> <span class='ocrx_word' id='word_1_373' title='bbox 646 3481 691 3530; x_wconf 88' lang='lat' dir='ltr'><strong>lilii</strong></span> <span class='ocrx_word' id='word_1_374' title='bbox 709 3483 768 3541; x_wconf 85' lang='lat' dir='ltr'><strong>Dei,</strong></span> <span class='ocrx_word' id='word_1_375' title='bbox 783 3494 911 3542; x_wconf 81' lang='lat' dir='ltr'><strong>unumque</strong></span> <span class='ocrx_word' id='word_1_376' title='bbox 928 3488 1091 3544; x_wconf 33' lang='lat' dir='ltr'><strong>componunt,</strong></span> <span class='ocrx_word' id='word_1_377' title='bbox 1100 3481 1143 3531; x_wconf 86' lang='lat' dir='ltr'><strong>llel</strong></span> <span class='ocrx_word' id='word_1_378' title='bbox 1154 3476 1209 3529; x_wconf 84' lang='lat' dir='ltr'><strong>iani·</strong></span> <span class='ocrx_word' id='word_1_379' title='bbox 1250 3496 1252 3519; x_wconf 69' lang='grc' dir='ltr'>ε</span> 
     </span>
     <span class='ocr_line' id='line_1_43' title="bbox 172 3547 506 3612; baseline 0.012 -16"><span class='ocrx_word' id='word_1_380' title='bbox 172 3547 252 3609; x_wconf 90' lang='lat' dir='ltr'><strong>liam,</strong></span> <span class='ocrx_word' id='word_1_381' title='bbox 265 3552 337 3609; x_wconf 84' lang='lat' dir='ltr'><strong>eujus</strong></span> <span class='ocrx_word' id='word_1_382' title='bbox 350 3555 420 3612; x_wconf 91' lang='lat' dir='ltr'><strong>paler</strong></span> <span class='ocrx_word' id='word_1_383' title='bbox 431 3551 506 3600; x_wconf 86' lang='lat' dir='ltr'><strong>Deus.</strong></span> 
     </span>
    </p>

    <p class='ocr_par' dir='ltr' id='par_1_17' title="bbox 202 3618 939 3682">
     <span class='ocr_line' id='line_1_44' title="bbox 202 3618 939 3682; baseline 0.003 -15"><span class='ocrx_word' id='word_1_384' title='bbox 202 3618 267 3667; x_wconf 86' lang='lat' dir='ltr'><strong>ilinc</strong></span> <span class='ocrx_word' id='word_1_385' title='bbox 278 3619 309 3668; x_wconf 88' lang='lat' dir='ltr'><strong>ab</strong></span> <span class='ocrx_word' id='word_1_386' title='bbox 326 3620 443 3668; x_wconf 91' lang='lat' dir='ltr'><strong>omnibus</strong></span> <span class='ocrx_word' id='word_1_387' title='bbox 454 3619 589 3682; x_wconf 88' lang='lat' dir='ltr'><strong>colendus,</strong></span> <span class='ocrx_word' id='word_1_388' title='bbox 602 3621 725 3669; x_wconf 89' lang='lat' dir='ltr'><strong>amandus</strong></span> <span class='ocrx_word' id='word_1_389' title='bbox 736 3659 742 3680; x_wconf 92' lang='lat'>‚</span> <span class='ocrx_word' id='word_1_390' title='bbox 753 3620 939 3681; x_wconf 81' lang='lat' dir='ltr'><strong>glorificandus.</strong></span> 
     </span>
    </p>
   </div>
   <div class='ocr_carea' id='block_1_9' title="bbox 174 3690 1211 4041">
    <p class='ocr_par' dir='ltr' id='par_1_18' title="bbox 205 3690 874 3764">
     <span class='ocr_line' id='line_1_45' title="bbox 205 3690 874 3764; baseline 0.003 -16"><span class='ocrx_word' id='word_1_391' title='bbox 205 3702 242 3748; x_wconf 83' lang='grc'><strong>16.</strong></span> <span class='ocrx_word' id='word_1_392' title='bbox 259 3701 288 3749; x_wconf 80' lang='lat' dir='ltr'><strong>lit</strong></span> <span class='ocrx_word' id='word_1_393' title='bbox 302 3701 341 3748; x_wconf 86' lang='lat' dir='ltr'><strong>del</strong></span> <span class='ocrx_word' id='word_1_394' title='bbox 355 3700 426 3749; x_wconf 84' lang='lat' dir='ltr'><strong>uobis</strong></span> <span class='ocrx_word' id='word_1_395' title='bbox 442 3701 576 3750; x_wconf 71' lang='lat' dir='ltr'><strong>seeundum</strong></span> <span class='ocrx_word' id='word_1_396' title='bbox 593 3703 696 3751; x_wconf 82' lang='lat' dir='ltr'><strong>diuitias</strong></span> <span class='ocrx_word' id='word_1_397' title='bbox 709 3690 798 3764; x_wconf 73' lang='lat' dir='ltr'><strong>qlor&#39;iae</strong></span> <span class='ocrx_word' id='word_1_398' title='bbox 813 3715 874 3750; x_wconf 80' lang='lat' dir='ltr'><strong>soce.</strong></span> 
     </span>
    </p>

    <p class='ocr_par' dir='ltr' id='par_1_19' title="bbox 174 3766 1211 4041">
     <span class='ocr_line' id='line_1_46' title="bbox 204 3766 1209 3830; baseline 0.005 -16"><span class='ocrx_word' id='word_1_399' title='bbox 204 3768 349 3816; x_wconf 89' lang='lat' dir='ltr'><strong>llmhroslus</strong></span> <span class='ocrx_word' id='word_1_400' title='bbox 358 3766 452 3816; x_wconf 84' lang='lat' dir='ltr'><strong>hahet:</strong></span> <span class='ocrx_word' id='word_1_401' title='bbox 466 3767 605 3816; x_wconf 82' lang='lat' dir='ltr'><strong>seeundum</strong></span> <span class='ocrx_word' id='word_1_402' title='bbox 618 3769 718 3819; x_wconf 87' lang='lat' dir='ltr'><strong>divitias</strong></span> <span class='ocrx_word' id='word_1_403' title='bbox 731 3771 868 3830; x_wconf 88' lang='lat' dir='ltr'><strong>majestatis</strong></span> <span class='ocrx_word' id='word_1_404' title='bbox 879 3782 931 3820; x_wconf 77' lang='lat' dir='ltr'><strong>suas</strong></span> <span class='ocrx_word' id='word_1_405' title='bbox 947 3773 1069 3820; x_wconf 80' lang='lat' dir='ltr'><strong>virtutem</strong></span> <span class='ocrx_word' id='word_1_406' title='bbox 1087 3768 1209 3821; x_wconf 74' lang='lat' dir='ltr'><strong>contrusa</strong></span> 
     </span>
     <span class='ocr_line' id='line_1_47' title="bbox 174 3837 1211 3967; baseline -0.001 -16"><span class='ocrx_word' id='word_1_407' title='bbox 174 3837 384 3964; x_wconf 43' lang='lat' dir='ltr'><strong>inssqiriqlistqbaum</strong></span> <span class='ocrx_word' id='word_1_408' title='bbox 394 3900 467 3951; x_wconf 87' lang='lat' dir='ltr'><strong>aliter</strong></span> <span class='ocrx_word' id='word_1_409' title='bbox 481 3902 558 3964; x_wconf 76' lang='lat' dir='ltr'><strong>quim</strong></span> <span class='ocrx_word' id='word_1_410' title='bbox 571 3907 656 3953; x_wconf 85' lang='lat' dir='ltr'><strong>nostra</strong></span> <span class='ocrx_word' id='word_1_411' title='bbox 667 3905 786 3967; x_wconf 83' lang='lat' dir='ltr'><strong>Vulgata,</strong></span> <span class='ocrx_word' id='word_1_412' title='bbox 801 3910 829 3955; x_wconf 91' lang='lat' dir='ltr'><strong>ut</strong></span> <span class='ocrx_word' id='word_1_413' title='bbox 840 3907 882 3955; x_wconf 88' lang='lat' dir='ltr'><strong>det</strong></span> <span class='ocrx_word' id='word_1_414' title='bbox 895 3907 966 3957; x_wconf 88' lang='lat' dir='ltr'><strong>vohis</strong></span> <span class='ocrx_word' id='word_1_415' title='bbox 977 3907 1121 3958; x_wconf 86' lang='lat' dir='ltr'><strong>seeunddm</strong></span> <span class='ocrx_word' id='word_1_416' title='bbox 1130 3902 1211 3956; x_wconf 77' lang='lat' dir='ltr'><strong>divitus</strong></span> 
     </span>
     <span class='ocr_line' id='line_1_48' title="bbox 176 3972 1211 4041; baseline 0.005 -21"><span class='ocrx_word' id='word_1_417' title='bbox 176 3972 258 4034; x_wconf 79' lang='lat' dir='ltr'><strong>glorie</strong></span> <span class='ocrx_word' id='word_1_418' title='bbox 272 3985 339 4034; x_wconf 79' lang='lat' dir='ltr'><strong>sua;</strong></span> <span class='ocrx_word' id='word_1_419' title='bbox 355 3974 384 4020; x_wconf 87' lang='lat' dir='ltr'><strong>ut</strong></span> <span class='ocrx_word' id='word_1_420' title='bbox 400 3973 494 4023; x_wconf 81' lang='lat' dir='ltr'><strong>vlrtute</strong></span> <span class='ocrx_word' id='word_1_421' title='bbox 514 3972 698 4025; x_wconf 82' lang='lat' dir='ltr'><strong>confirmemini</strong></span> <span class='ocrx_word' id='word_1_422' title='bbox 719 3989 763 4038; x_wconf 89' lang='lat' dir='ltr'><strong>per</strong></span> <span class='ocrx_word' id='word_1_423' title='bbox 780 3977 902 4041; x_wconf 88' lang='lat' dir='ltr'><strong>Spiritum</strong></span> <span class='ocrx_word' id='word_1_424' title='bbox 921 3990 998 4027; x_wconf 89' lang='lat' dir='ltr'><strong>suum</strong></span> <span class='ocrx_word' id='word_1_425' title='bbox 1013 3997 1019 4028; x_wconf 75' lang='grc' dir='ltr'><strong>ι</strong></span> <span class='ocrx_word' id='word_1_426' title='bbox 1035 3983 1064 4029; x_wconf 92' lang='lat' dir='ltr'><strong>ut</strong></span> <span class='ocrx_word' id='word_1_427' title='bbox 1085 3980 1112 4027; x_wconf 92' lang='lat' dir='ltr'><strong>ln</strong></span> <span class='ocrx_word' id='word_1_428' title='bbox 1127 3973 1211 4028; x_wconf 78' lang='lat' dir='ltr'><strong>homill</strong></span> 
     </span>
    </p>
   </div>
   <div class='ocr_carea' id='block_1_10' title="bbox 0 0 1284 4424">
    <p class='ocr_par' dir='ltr' id='par_1_20' title="bbox 0 0 1284 4424">
     <span class='ocr_line' id='line_1_49' title="bbox 0 0 1284 4424; baseline 0 0"><span class='ocrx_word' id='word_1_429' title='bbox 0 0 1284 4424; x_wconf 95' lang='lat' dir='ltr'><strong> </strong></span> 
     </span>
    </p>
   </div>
  </div>
 </body>
</html>
