2512 4424
138 280 192 336 2ss
435 279 635 334 EPISTCLAE
654 279 702 333 Al)
719 277 901 333 aturrus

170 371 203 422 lit
222 372 326 434 peccata
342 382 389 422 sua
408 376 586 434 agnoscentes,
604 384 649 436 per
664 371 738 422 iidem
761 376 795 426 Ut
822 370 971 440 promissio
994 383 1028 424 ex
1057 366 1113 421 lide
1136 367 1198 419 iesu

139 444 300 493 moerent
314 441 347 491 aa
361 444 468 503 aretiam
485 445 602 504 promissi
619 440 740 491 neamo-
761 450 861 503 euasti
872 442 1181 503 scaturescentibus

140 508 195 558 rlss
209 508 311 558 tantum
332 509 402 559 abest
415 522 472 572 ergo
491 514 520 559 ut
543 509 584 558 lex
601 514 665 559 esset
682 522 740 572 pro-

140 576 256 627 utrsmai
268 580 404 637 contraria,
413 577 529 640 quinimo
536 578 613 628 tacite
622 577 740 626 homines

140 643 174 697 sd
184 643 314 695 Christum
325 649 519 697 transmittebat.

111 735 118 751 ⁸
171 714 320 777 Priusquam
334 719 432 766 reniret
448 715 621 767 Christusilde
635 715 740 766 meden-
795 709 841 762 23.
852 706 1038 762 remeantem
1050 704 1137 775 quam
1153 715 1199 758 re·

141 781 206 843 rias,
221 786 246 832 et
258 784 461 834 manifestaretur
474 787 528 846 ejus
540 784 724 846 Evangeiium,
763 787 835 841 naec
846 787 931 850 fides,

170 864 307 917 liosindaei
318 867 365 917 snb
374 866 487 917 custodia
499 867 569 928 legis.
579 869 606 916 in
614 867 658 915 bei
670 866 739 925 cuitu
763 865 820 916 Sub
831 865 890 930 lege
902 861 1130 916 custodiebamur
1139 870 1199 912 con·

140 935 333 986 sentinebnmur
343 972 350 996 ,
362 947 544 998 poennrumque
556 934 675 996 legalium
688 933 740 984 ior·
762 941 851 1005 clusi,
1103 962 1120 1005 -ι

140 1000 237 1054 midine
249 1003 444 1062 coercuimus,
1185 1033 1188 1037 ν

170 1069 254 1133 Usque
276 1071 310 1120 ad
329 1074 496 1134 tempusque
517 1069 580 1120 tides
600 1069 673 1120 nobis
695 1081 740 1132 per
762 1073 793 1122 ln
806 1083 869 1123 eam
883 1068 969 1122 iidem
981 1079 1046 1135 quae
1057 1065 1199 1121 revelanda

140 1138 270 1191 Christum
295 1144 353 1207 'erat
377 1138 529 1198 revelanda,
553 1151 598 1187 seu
620 1152 671 1200 quo
695 1151 740 1200 per
762 1153 831 1200 erat,

141 1207 270 1264 (mnrium
282 1208 435 1260 revelaretur
446 1208 519 1258 nobis
529 1206 703 1269 Evangelinm.

171 1403 211 1453 Aa
222 1403 253 1453 ad
271 1415 298 1452 n.
312 1405 350 1450 18.
360 1402 390 1451 Si
401 1414 430 1451 ca
446 1400 497 1464 leqe
508 1400 722 1463 heredites‚1'om
732 1413 783 1450 ιιι
795 1413 823 1449 ce
831 1399 999 1462 promissione
1004 1414 1015 1460 ;
1024 1402 1050 1448 et
1064 1401 1100 1449 lta
1111 1397 1140 1450 b.
1151 1395 1199 1449 Au·

141 1472 245 1525 ecimus.

172 1541 211 1591 An
222 1536 299 1599 verb,
310 1538 378 1600 quiid
393 1538 458 1588 mihi
468 1550 567 1600 semper
576 1539 660 1589 risum
678 1543 716 1588 est
725 1537 894 1601 probabilius,
908 1549 974 1586 nova
988 1539 1022 1587 eit
1033 1537 1155 1598 obiectio,
1164 1532 1200 1587 rel

141 1608 206 1660 mota
224 1609 361 1670 generatim
377 1610 463 1656 contra
481 1605 623 1655 docuinam
637 1608 691 1666 jam
709 1605 836 1656 multoties
857 1605 994 1666 traditam3
1010 1606 1126 1667 scilicet,
1140 1602 1201 1667 qudi

142 1678 204 1731 tres
218 1677 298 1740 legem
309 1678 437 1738 abrogavit
444 1695 453 1737 ;
463 1675 504 1726 vei
514 1675 579 1726 iacta
590 1677 719 1737 speciatim
730 1679 818 1726 contra
832 1675 858 1724 id
868 1675 936 1736 qnod
946 1689 975 1725 n.
991 1680 1030 1738 19,
1039 1676 1139 1727 dicium
1153 1681 1198 1726 eet:

143 1747 191 1799 Leo
201 1747 284 1810 posito
297 1754 361 1794 cst...
374 1744 448 1793 donee
462 1743 556 1793 ceuiret
564 1757 654 1792 semea.
1093 1783 1096 1788 .

173 1816 259 1876 ltaque
269 1812 423 1877 probabilius
436 1815 497 1873 puio
508 1810 575 1872 qubd
590 1811 633 1860 blc
652 1811 684 1860 ab
704 1808 821 1872 Apostolo
835 1813 980 1870 quaeratur,
994 1823 1029 1860 an
1047 1811 1105 1862 ideo
1124 1811 1163 1862 lex
1180 1815 1201 1863 et

142 1885 275 1949 promissio
286 1895 338 1931 non
349 1885 418 1931 etant
430 1879 521 1941 simul,
533 1882 591 1942 quin
604 1880 651 1929 sibi
666 1881 773 1929 mvicem
788 1881 942 1928 contrariae?

172 1953 220 2004 Cui
231 1953 419 2012 interrogationi
432 1952 519 1999 statim
532 1948 674 2012 respondet.
690 1949 774 2006 eber,
787 1961 838 1998 non
850 1952 910 1997 sunt
921 1951 1056 1999 contrariae
1069 1970 1078 2001 r
1091 1963 1141 2003 neo
1151 1950 1201 2001 ideo

143 2022 195 2073 aad
205 2021 368 2080 adveniente,
384 2023 464 2068 cessat
475 2018 569 2079 altern;
581 2018 624 2068 sed
636 2017 691 2066 ideo
705 2021 785 2067 cessat
800 2016 839 2065 lex
854 2017 1005 2067 adveniente
1018 2019 1135 2081 (barleto,
1147 2022 1201 2082 qua

142 2094 205 2140 tuuc
219 2089 258 2139 lex
270 2087 383 2140 inutilisc
394 2090 497 2150 utpote,
508 2099 563 2147 quae
573 2099 620 2136 nee
635 2088 689 2135 vim
705 2085 781 2136 habet
790 2084 949 2146 vivificandi,
964 2099 1012 2136 nec
1025 2089 1088 2150 quid
1098 2088 1202 2154 amplius

143 2157 276 2220 significat.

174 2233 204 2281 Si
215 2233 280 2280 euim
293 2232 354 2279 dcto
366 2235 424 2277 esset
436 2229 488 2286 lec,
499 2241 555 2289 quae
566 2229 619 2276 vim
635 2228 763 2277 habuisset
771 2229 943 2291 justificandi,
957 2231 1016 2279 vere
1029 2236 1055 2280 et
1066 2232 1168 2284 realiter
1176 2246 1202 2282 ιι

143 2299 186 2348 illa
197 2300 249 2359 lege
262 2298 345 2347 adhue
355 2303 419 2347 esset
427 2298 543 2358 iustitia3
557 2299 577 2345 si
589 2299 723 2360 potuisset,
735 2299 818 2347 adbuc
829 2303 854 2347 et
866 2303 958 2361 posset.
968 2300 1107 2362 Nunquam
1123 2309 1203 2353 autem

144 2369 170 2418 id
180 2370 262 2431 potuit
272 2367 312 2416 lex
328 2368 429 2428 scripta.

173 2459 213 2509 22.
225 2457 273 2506 Sed
284 2455 403 2506 conclusit
414 2455 548 2516 Scriptura
550 2489 598 2504 .....
612 2453 656 2504 sed
669 2468 756 2504 omnes
766 2456 882 2506 homiues
895 2457 1023 2509 conclusit
1038 2460 1087 2510 sub
1106 2466 1204 2524 peccato

143 2531 169 2578 ei
181 2527 329 2590 inpeccatis
344 2524 471 2573 involutos
487 2523 638 2583 declaravit3
657 2529 685 2573 ut
696 2525 754 2573 noia
770 2525 815 2574 sud
835 2531 860 2574 et
878 2527 939 2588 legis
957 2529 1123 2592 impotentia,
1138 2535 1204 2594 Juxta

142 2598 334 2663 promissionem
341 2593 446 2643 Abrahae
456 2592 686 2654 iactam,justitiam
695 2599 872 2653 querelantes
879 2595 928 2644 tide
935 2599 962 2646 in
969 2597 1057 2648 lesum
1068 2600 1203 2651 Christum.

173 2665 282 2715 Tauium
293 2665 363 2713 abest
376 2674 433 2723 ergo
452 2666 481 2712 ut
497 2662 537 2710 lex
553 2663 712 2724 promissioni
730 2663 762 2710 sit
780 2667 921 2724 contraria,
938 2668 1057 2727 quinimo
1075 2668 1116 2719 lox
1137 2671 1204 2719 obse-

144 2736 232 2797 quium
245 2735 360 2796 prestitit
373 2732 446 2792 ildei;
462 2733 520 2792 quia
534 2731 626 2780 ludaeis
643 2731 773 2781 declarans
788 2745 815 2780 se
829 2735 856 2782 in
869 2737 979 2795 peccatis
997 2738 1128 2789 involutos
1142 2753 1203 2798 esse,

144 2817 185 2854 cos
195 2806 267 2865 quasi
280 2802 427 2864 paedagogus
440 2801 472 2849 ad
488 2800 630 2861 Christum,
639 2803 744 2859 justitia
758 2800 869 2862 iontem,
882 2807 953 2865 quasi
968 2819 1049 2857 manu
1063 2808 1147 2860 duxit.

173 2873 212 2940 23.
223 2890 302 2940 Priola
313 2895 396 2937 autem
412 2886 488 2948 quem
501 2888 593 2936 ueniret
604 2888 694 2948 fides...
706 2887 732 2936 td
748 2892 797 2948 est,
808 2894 868 2939 ante
882 2890 1023 2942 adventum
1037 2894 1152 2949 Christis
1164 2909 1203 2949 seu

142 2963 201 3011 ente
213 2959 291 3019 legem
306 2955 475 3016 evangelicam
490 2954 505 3002 a
519 2954 618 3003 Cin-isto
633 2956 802 3017 praedicatam.

175 3040 229 3089 Sul>
246 3039 298 3100 ieqe
313 3036 514 3085 custodiebamur
527 3036 664 3086 conclusi...

173 3109 229 3170 Syr.
240 3106 280 3155 lex
293 3105 447 3154 custodiebat
459 3117 510 3154 non
522 3106 652 3156 conclusos
666 3110 693 3156 in
706 3121 761 3157 eam
778 3109 863 3158 fldem.

173 3175 287 3234 assignat
300 3177 325 3220 et
333 3171 401 3220 aliud
413 3172 558 3252 obsequium
569 3210 576 3232 ,
587 3174 654 3234 qnod
665 3175 704 3224 les
714 3179 829 3238 praestitit
841 3177 914 3238 fidei,
924 3192 970 3231 seu
980 3195 1122 3250 magnum,
1133 3201 1205 3252 mam

174 3241 223 3290 dai
234 3252 264 3287 ιι
283 3240 335 3299 lege
348 3243 477 3289 traxerunt
491 3239 633 3289 utilitatem.

173 3307 566 3366 leaenimtimure‚relutmuro
575 3308 697 3369 quodam,
709 3312 841 3360 continens
851 3312 907 3362 illes
914 3333 922 3374 ς
930 3327 960 3364 ac
971 3321 1120 3373 secundum
1130 3325 1206 3389 ipsam

142 3376 243 3425 vivendi
260 3379 432 3425 aeremitatem
451 3378 640 3438 constringens,
650 3380 791 3429 reservabat
802 3380 857 3429 iilos
869 3381 927 3432 ildei
940 3402 947 3431 r
959 3385 989 3434 l).
1002 3387 1205 3453 chrysostomus.

176 3450 381 3499 Ceemdicberaur
392 3451 515 3509 conclusi,
529 3451 653 3513 signiiieat
666 3452 771 3502 tutelam
784 3464 814 3502 ex
830 3453 891 3516 legis
906 3464 1205 3527 promptissimorum,

142 3517 210 3568 idem
223 3517 423 3579 Cbrysostomus.

174 3587 224 3637 hex
236 3589 273 3636 eis
288 3600 406 3649 nragnam
419 3589 544 3650 prebebat
560 3590 718 3639 securitatem
727 3626 734 3649 ,
743 3590 758 3639 a
768 3590 884 3653 pluribus
899 3599 1011 3656 peccatis
1028 3601 1167 3666 cohibens,
1178 3616 1206 3655 ac

142 3655 222 3704 veluti
243 3668 331 3703 murus
355 3657 479 3717 quispiam
504 3660 628 3718 existens,
647 3656 800 3709 concludens
823 3661 958 3724 homines,
982 3666 1157 3735 colligensque
1176 3672 1206 3722 sd

141 3725 234 3785 mem,
248 3727 284 3774 ait
299 3724 507 3787 Theophylactus.
639 3736 642 3741 ⁴

172 3793 292 3842 Similiter
304 3795 329 3840 et
340 3792 500 3852 Ambrosius,
513 3792 589 3854 priris
600 3795 666 3843 caim
682 3793 774 3856 qudm,
789 3796 816 3845 id
826 3801 876 3857 est,
889 3804 1029 3863 antequam
1042 3810 1144 3858 veniret
1154 3808 1205 3858 Sal·

141 3865 227 3920 rator,
236 3861 283 3909 sub
294 3860 355 3920 legis
366 3859 477 3907 custodia
486 3861 621 3921 agebamus
628 3896 636 3922 ‚
644 3874 677 3911 ne
686 3875 864 3928 peccaremus,
875 3872 904 3918 ut
912 3872 1032 3922 veniente
1040 3879 1205 3939 promissione

142 3927 212 3990 diam
224 3938 344 3978 ιιιιιιιιιι.
355 3925 512 3978 Ambrosius.
