2512 4424
455 266 807 370 EPISTOLAE

95 534 168 683 a.
219 535 488 687 raum
536 540 653 685 ln
691 482 1161 690 'arnaslos

310 858 567 944 TRIPLEX
592 862 947 953 EXPOSITIO.

224 1099 383 1165 hhhnlsl,
402 1102 633 1171 channam,
653 1104 767 1167 arnoll
784 1104 1034 1161 communio·

95 1360 1158 1399 “fflssssssvlfflmmssmmmmmm

446 1601 811 1701 PRAEFATIO.

94 1804 199 1903 Hinc
224 1836 395 1917 Epistulam
413 1837 539 1917 Romu,
559 1839 591 1902 in
611 1838 764 1918 vinculis,
787 1840 911 1920 scripsit
931 1841 1099 1921 Apostolus
1119 1839 1161 1903 ad

94 1942 266 2023 Ephesios,
284 1942 323 2004 ab
342 1941 495 2022 aliquibus
514 1942 589 2005 olim
607 1943 691 2006 dicta
708 1947 758 2007 est
776 1943 816 2006 ad
833 1944 1063 2023 laodicenses,
1078 1943 1161 2008 forte

93 2049 164 2128 quia
175 2047 335 2110 circularis
345 2050 430 2126 erat,
442 2047 525 2110 etad
535 2064 646 2111 omnes
660 2049 740 2112 hsiae
751 2050 846 2113 urbes
858 2049 971 2127 missa,
985 2050 1161 2130 specialiter

93 2159 200 2218 tamen
225 2155 337 2216 vocata
357 2150 398 2214 ud
419 2151 590 2232 Ephesios,
612 2152 685 2233 quia
705 2155 847 2235 Ephesus
866 2154 951 2220 Asin
968 2156 1157 2237 lletropolis.

93 2257 248 2338 Quidquid
262 2256 321 2335 sit,
1241 2241 1244 2245 ’

129 2361 274 2445 Apostoli
292 2378 407 2443 scopus
422 2367 487 2441 est,
503 2346 670 2445 Ephesios,
686 2382 766 2444 quos
779 2366 820 2429 ad
836 2365 933 2430 fidem
951 2365 1083 2445 Christi,
1103 2384 1160 2448 per

92 2466 263 2534 triennium
280 2467 332 2530 dic
350 2484 387 2530 ao
403 2471 497 2533 nocte
515 2470 678 2548 laborans,
691 2470 878 2551 jampridem
896 2474 1111 2549 converterat,
1126 2471 1159 2535 in

92 2573 156 2639 iide
174 2572 377 2652 confirmare,
393 2576 426 2636 et
443 2573 624 2638 sublimiora
640 2573 801 2655 religionis
814 2573 991 2637 christiane
1008 2575 1159 2653 mysteria

91 2675 262 2760 perfectius
273 2678 417 2742 edocere.

130 2789 166 2848 ln
185 2783 294 2865 primis
311 2783 412 2848 tribus
430 2784 582 2866 capitibus
600 2785 664 2866 agit
677 2783 718 2849 de
736 2787 853 2848 oetema
865 2783 1155 2865 predestinatione,

92 2890 132 2954 de
150 2889 314 2952 hominum
329 2907 386 2970 per
403 2889 516 2954 Christi
533 2895 670 2954 mortem
684 2889 919 2971 redemptione,
936 2888 977 2952 de
994 2889 1158 2954 vocatione

91 2995 263 3073 Gentium,
283 2995 324 3058 de
340 2995 505 3075 utriusque
521 2996 647 3076 populi,
667 2994 796 3059 Gentilis
817 2997 851 3056 et
870 2993 1008 3072 ludoici,
1032 2990 1101 3082 imdp
1117 2995 1159 3057 de

91 3101 318 3182 angelorumet
328 3099 492 3163 hominum
502 3098 707 3176 adunatione,
719 3099 778 3162 sub
788 3098 900 3162 eodem
910 3098 1011 3179 capite
1021 3099 1156 3178 Christo,

92 3223 187 3287 super
210 3221 321 3267 omnes
343 3208 503 3273 creaturas
524 3203 668 3283 elevato,
686 3202 790 3282 ibique
807 3202 946 3266 creditur
960 3203 1158 3282 judaizantes

90 3312 256 3390 percutere
273 3309 327 3388 qui
347 3309 482 3372 salutem
499 3325 589 3372 suam
603 3308 635 3370 in
648 3306 843 3371 ceremoniis
855 3307 1008 3387 legalibus
1021 3310 1157 3373 colloca-

91 3416 186 3494 bant,
206 3418 239 3478 et
257 3413 392 3477 Simonis
411 3412 491 3492 llagi
508 3411 677 3492 discipulos
698 3412 751 3492 qui
770 3411 918 3475 volebant
935 3413 1065 3492 angelos
1086 3431 1158 3478 esso

91 3521 145 3586 Ilei
159 3524 193 3584 et
206 3519 372 3583 hominum
391 3517 602 3596 mediatores,
617 3533 683 3579 non
696 3513 772 3580 verb
790 3515 967 3597 christum,
981 3520 1014 3581 et
1031 3517 1104 3582 ideo
1117 3520 1158 3582 ad

92 3626 240 3706 angelos,
256 3639 320 3686 non
341 3622 381 3685 ad
397 3621 576 3701 Christum,
596 3622 752 3686 docebant
770 3638 842 3684 esse
859 3623 1101 3702 recurrendum,
1121 3628 1157 3686 ut

93 3733 154 3794 Deo
166 3726 448 3793 reconciliaremur.

130 3839 164 3898 ln
175 3831 294 3897 ultimis
307 3831 459 3911 capitibus
473 3830 640 3911 unicuique
653 3829 844 3910 christiano,
859 3831 891 3894 in
904 3832 1043 3911 quolibet
1052 3835 1152 3910 statu,

95 3937 171 4006 bene
178 3935 307 4006 vivendi
315 3939 469 4018 praecepta
476 3935 834 4018 tradit3ibiqueeoslem
845 3981 854 4013 ,
866 3939 933 3998 tum
943 3936 1152 4016 judaizantes,
