2512 4424
337 255 506 306 TRIPLEX
525 255 750 309 exeesirm.
770 257 853 309 GAP.
873 256 929 308 iil.
1112 258 1165 309 505

134 349 162 400 2.
180 348 210 400 Si
231 353 324 402 mmen
343 348 460 402 audistis
484 349 543 400 dis·
596 348 663 408 llic,
678 350 799 409 inquam,
816 350 904 399 catena
918 349 995 400 vestri
1014 349 1090 400 causi
1102 349 1164 411 liga-

97 424 292 488 pensafifflem
301 425 397 491 grayiae
406 426 468 489 pei,
480 438 543 492 quae
565 418 675 495 tus-sum
683 419 718 498 ξε]
729 420 815 496 tamen
823 417 930 468 audistis
940 418 1163 499 quemadmodum,

97 502 164 554 ‘¹³¹³
178 503 449 568 estmihiiovobis3
564 482 1164 604 illisit?illitaliltliillllli

133 623 160 673 5.
173 621 310 682 Quoniam
322 625 478 679 secundnm
495 639 541 678 re.
595 619 637 678 Sl,
657 621 776 680 inquam,
787 619 893 669 audistis
914 623 981 682 qnod
1000 635 1070 671 nunc
1092 622 1164 672 vebis

96 699 265 752 veyafionem
285 708 382 755 notum
401 705 469 757 mihi
483 704 542 756 sac,
564 690 682 738 omnibus
693 689 760 750 dico,
774 692 897 739 nimirum
912 691 979 751 qaod
992 705 1036 754 per
1049 692 1163 741 divinam

96 784 159 827 tum
179 780 222 828 est
242 786 458 843 sacramentum,
471 781 540 834 sicut
563 757 870 876 ffiffig⁰gffii¹unnff⁰tffi
882 759 1168 876 mssgiffffrlgffl}

563 895 685 943 nimirum
697 840 1028 957 precedentibnslmpibgue
1037 865 1045 955 ζ
1054 894 1163 945 breviter

131 1029 160 1077 d.
175 1018 261 1079 Proui
284 1031 400 1094 potestis
417 1008 540 1097 legentes
563 964 784 1090 sciilgffouantdm
797 1031 909 1091 mysterii
924 1029 1033 1091 dignitas
1045 1032 1161 1092 exigeret,

95 1102 251 1170 intelligere
262 1106 438 1171 prudenpam
450 1123 540 1162 meam
562 1097 605 1145 sed
621 1097 746 1157 quantum
757 1097 849 1146 subicit
861 1102 889 1145 ut
899 1096 1008 1158 legentes
1019 1099 1162 1160 percipiatis

95 1180 402 1249 ilmlll‘lssl‘ll‘
561 1165 814 1286 tillitllli
827 1166 1162 1286 titillasset

562 1251 721 1368 cognitione,
736 1274 790 1355 ’lieo
808 1249 950 1366 floreffiae,
967 1309 1160 1368 penetraverim.

96 852 184 918 supra
196 853 294 919 scripsi
309 854 338 905 in
349 855 423 908 brevi
430 874 439 922 3

127 1487 181 1538 lioc
194 1487 287 1550 erede,
303 1493 329 1540 et
343 1490 477 1554 gaudebis,
491 1495 516 1542 et
531 1493 675 1555 gloriaberis
692 1497 790 1558 patiens
808 1499 833 1545 et
848 1495 1006 1546 humiliatus.

128 1579 153 1626 2.
170 1577 200 1625 Si
221 1582 303 1626 temen
318 1579 454 1629 audistis...
476 1578 580 1631 Arabica
598 1585 680 1633 versio
699 1602 705 1632 ι
724 1585 745 1633 sl
765 1582 828 1632 iertd
846 1583 961 1632 audistis.

127 1642 189 1693 Vult
204 1657 248 1693 eos
259 1646 322 1694 scire
337 1644 404 1708 qubd
422 1646 465 1695 liei
482 1649 577 1708 jndicio
590 1652 605 1699 d
618 1651 717 1701 Christo
730 1653 823 1701 missus
840 1655 878 1701 esi
890 1652 1026 1714 predicare
1037 1651 1159 1702 Gentibus

96 1715 250 1776 mysterium
263 1716 349 1775 gratia
360 1714 420 1774 liei,
434 1717 471 1764 ait
483 1716 640 1768 Ambrosius.

126 1783 198 1843 Quod
212 1783 275 1833 ierte
288 1788 340 1834 toto
353 1787 484 1845 triennio,
503 1800 553 1846 quo
569 1787 661 1849 Ephesi
681 1792 794 1838 moratus
814 1791 869 1850 est,
886 1801 938 1838 uon
956 1788 1053 1839 dixerat
1065 1792 1160 1851 passim

97 1854 217 1903 omnibns
232 1853 338 1902 modam
351 1857 376 1902 et
392 1854 543 1905 miraculum
561 1869 613 1906 suae
629 1861 815 1918 conversionis,
826 1860 885 1920 quia
899 1860 980 1908 sancti
996 1870 1048 1908 nen
1061 1858 1158 1918 solent,

97 1924 146 1970 nisi
160 1924 260 1980 coacti,
277 1923 412 1983 praedicare
425 1921 491 1971 dona
504 1923 549 1971 liei
562 1925 588 1972 in
600 1937 627 1973 se
639 1961 646 1985 ,
660 1927 696 1973 ait
708 1924 874 1975 Fromondos.

127 1997 344 2058 Dispensationem
351 2036 359 2056 ,
375 1997 418 2050 Gr.
432 2002 474 2051 τὴν
487 1999 627 2056 οἰκονομίαν.
878 2036 887 2055 ,
1080 2049 1082 2053 ¹

127 2064 284 2116 Olicenomia
304 2071 389 2118 autem
402 2075 440 2121 est
453 2070 563 2132 prudens
574 2071 726 2131 dispensatio
742 2071 778 2119 rel
794 2070 954 2131 domesticae,
966 2082 1011 2120 seu
1022 2071 1159 2130 assignatio

96 2136 208 2196 partium
221 2148 298 2195 quam
314 2139 341 2186 in
357 2138 432 2190 domo
445 2141 541 2190 iaciunt
559 2144 642 2204 patres
660 2138 784 2199 familias,
798 2144 843 2189 aut
856 2139 958 2191 illorum
968 2142 1040 2200 rice,
1054 2139 1159 2202 dispen-

98 2207 193 2253 satores
207 2206 243 2252 rei
262 2203 412 2257 domestica.

126 2272 174 2322 illc
187 2272 249 2323 verb
268 2269 407 2325 aeconomia
423 2276 547 2338 significat
563 2276 632 2327 iilam
647 2276 801 2340 apostolatus
815 2281 913 2340 partem
926 2277 955 2326 lt.
968 2275 1045 2326 Paulo
1056 2276 1159 2337 datam,

98 2340 264 2402 Evangelium
279 2341 400 2394 Gentibus
412 2346 574 2407 praedicandi.

124 2415 341 2478 Dbpmieotioeem
351 2420 456 2479 pretim,
474 2419 500 2467 id
514 2424 567 2479 est,
581 2419 745 2482 apostolocis.

126 2484 302 2548 Apostolatus,
315 2488 461 2548 praelatura,
474 2502 569 2538 munus
581 2490 752 2551 predicandi,
766 2490 846 2551 gratia
857 2501 937 2552 pura,
951 2487 1029 2549 gratis
1042 2486 1113 2545 data,
1128 2484 1162 2535 ad

98 2552 205 2602 aliorum
226 2552 361 2604 utilitatem
379 2557 488 2618 gratuito
509 2570 636 2606 concessa.

126 2621 193 2672 ilinc
211 2634 264 2671 non
277 2624 430 2684 ambienda,
447 2639 498 2675 non
515 2625 646 2675 hominum
665 2623 749 2674 lavore
768 2623 912 2686 quaerenda.
928 2623 966 2673 Ad
979 2622 1092 2672 laborem
1107 2632 1161 2670 nou

100 2688 128 2738 ad
144 2693 258 2751 quietern
280 2695 306 2739 et
326 2692 358 2741 ad
374 2693 476 2743 delicias
494 2693 667 2743 desideranda.

125 2781 149 2827 3.
165 2778 293 2837 Quoniam
312 2780 446 2829 secundem
464 2782 655 2841 revelationem,
674 2780 700 2829 id
715 2783 769 2840 est,
786 2779 809 2829 si
825 2778 933 2828 eudbtis
946 2777 1098 2839 quoniam...

126 2847 159 2897 Ut
178 2847 247 2897 hanc
265 2847 477 2911 dispensationem
496 2851 587 2900 molius
609 2850 750 2912 intelligant
767 2860 869 2908 omnes,
895 2848 987 2909 incipit
1004 2857 1062 2894 eam
1081 2842 1163 2897 rasim

100 2925 227 2966 enarrare.

125 2986 161 3035 lic
180 2983 280 3048 primd,
293 2989 394 3048 exponit
407 2991 443 3037 eis
455 2987 579 3049 quomodo
590 2989 637 3037 sibi
649 2989 760 3037 innotuit
775 2986 926 3047 mysterium
939 2983 1083 3032 vocationis
1097 2982 1163 3033 Gen·

99 3055 178 3115 ilum,
196 3054 294 3104 scilicet
309 3069 354 3119 per
372 3057 487 3107 divinam
506 3056 694 3107 revelationem.

125 3132 199 3180 Sicci
215 3145 297 3193 supro
309 3135 408 3196 scripsi.
425 3135 467 3184 Gr.
483 3137 630 3197 προέγραψα.

122 3200 199 3250 Sicut
217 3200 395 3265 antescripsi,
413 3206 448 3253 ait
461 3203 626 3265 Ambrosium
640 3203 796 3267 prescripsi,
812 3200 850 3249 ait
863 3198 1052 3260 Hieronymus,
1067 3196 1163 3247 militet

94 3284 121 3319 n
137 3272 225 3332 primo
239 3273 264 3318 et
278 3272 386 3321 secundo
398 3276 479 3334 capite
490 3273 567 3333 buius
583 3273 703 3336 epistolae.

123 3346 157 3394 Io
173 3344 259 3402 brevi,
279 3343 307 3392 id
325 3349 379 3405 est,
392 3347 501 3397 breviter
518 3353 543 3395 et
556 3349 652 3409 paucis.

123 3413 303 3463 oecumenius
322 3415 499 3475 interpretatur
512 3435 518 3464 :
532 3416 602 3465 Sient
615 3428 691 3477 supra
705 3414 794 3475 scripsi
813 3415 840 3461 in
857 3409 975 3468 medice,
986 3407 1013 3459 id
1022 3411 1077 3467 esi,
1087 3407 1163 3470 paule

91 3485 173 3538 ante,
197 3482 226 3528 ln
248 3480 299 3530 line
321 3484 409 3544 eapitis
431 3485 603 3546 praecedentis.
629 3483 800 3533 Theodoretus
823 3483 940 3528 autem:
966 3477 1002 3527 lie
1018 3490 1070 3539 gno
1092 3491 1163 3526 nnnc

90 3551 202 3613 scripsi,
218 3553 281 3599 etc.-

122 3641 149 3686 i.
160 3638 247 3686 Proct
257 3639 366 3698 potestis.
378 3639 421 3688 Gr.
435 3640 467 3689 ad
478 3640 544 3701 quod
555 3641 674 3702 potestis,
686 3637 712 3687 id
726 3639 773 3697 est,
781 3637 855 3696 lrrxta
864 3633 945 3696 qood
955 3632 1163 3694 Myhetns.

121 3713 210 3761 Proui
218 3711 322 3773 potestis
333 3712 366 3760 ibi
378 3711 458 3774 legere
472 3719 497 3763 et
509 3714 611 3775 tepentes
627 3710 766 3772 intelligere
776 3722 862 3758 mecm
875 3708 945 3757 sirm
960 3707 1008 3755 her
1018 3710 1165 3767 upa-‘erim

87 3780 267 3839 prudentiam.
280 3779 323 3828 Gr.
338 3780 537 3843 intelligentiam.
554 3777 773 3841 Theophylactus,
790 3779 964 3838 cognitionem
979 3789 1073 3823 m.

123 3849 154 3897 1).
172 3846 267 3898 Paulos
279 3847 459 3912 prudentiam,
472 3851 640 3915 sapientiam,
654 3846 863 3909 mtelbgenttan,
876 3848 1015 3895 mn
1026 3857 1090 3904 sepe
1102 3853 1164 3889 mn·

90 3916 191 3967 tundit.
