2512 4424
153 255 206 307 280
446 252 648 304 EPISTOLAE
667 251 715 303 ln
733 249 924 303 Ernsssios

152 345 298 396 infidelitate
309 344 339 396 ad
352 345 427 395 idem
438 344 544 405 christi,
555 345 605 395 eti
616 347 682 394 statu
694 357 751 407 pec·
772 343 839 397 ddm
869 344 1060 412 operationem
1081 339 1208 410 potentin

153 417 202 465 eati
224 414 255 462 ad
271 416 410 474 justitiam3
429 426 485 474 quae
505 416 591 463 nostra
612 414 750 475 spiritualis
773 423 883 476 virtutis
895 422 971 490 ejus,
1037 460 1049 473 „

151 484 301 565 resurrectio
312 482 376 531 iacta
386 486 424 532 est
438 482 526 531 eidem
536 519 542 540 ,
554 495 598 532 seu
615 481 692 531 simili
704 494 750 544 po·

153 553 263 681 tagliano
283 585 349 670 licus
368 620 482 670 exhibuit
505 621 533 669 in
552 575 667 678 Christo,
691 618 750 667 cim
807 613 853 663 20.
869 611 957 674 Quam
977 613 1110 676 operatus
1126 605 1209 679 estin

185 813 218 862 Et
231 813 274 862 hic
287 825 376 862 sensus
389 816 426 862 est
440 811 549 862 maxime
561 810 690 860 naturalis.

182 882 262 932 licum
276 884 345 931 enim
356 886 474 944 precatur
485 879 616 942 Apostolus
630 884 659 930 ut
674 877 877 941 illuminenatc„
888 880 947 941 quia
958 880 1014 929 sine
1023 877 1209 942 luminemus

152 954 216 1001 scire
229 964 281 1000 non
293 952 426 1014 possumus
437 956 530 1012 quanta
544 955 569 999 et
581 949 658 1013 quarn
671 951 785 999 eminens
797 951 829 998 sit
838 949 883 998 rlln
895 948 938 998 liei
950 950 1080 1010 potentia,
1096 951 1147 1012 qua
1159 948 1209 1003 ind·

152 1020 261 1071 delitatis
273 1021 389 1070 tenebras
402 1020 541 1082 dissipavit,
554 1022 582 1068 ut
597 1017 654 1066 tldci
664 1020 793 1080 mysteria,
804 1019 818 1068 i
828 1019 941 1067 sensibus
949 1030 1002 1068 non
1013 1016 1098 1068 solnm
1109 1022 1208 1078 remota,

153 1089 197 1140 scd
206 1094 231 1139 et
241 1102 344 1140 omnem
357 1092 482 1146 rationem
497 1090 658 1150 superantia,
672 1087 802 1136 crederent
817 1088 932 1136 homines
946 1106 952 1135 ι
968 1091 993 1135 et
1011 1087 1063 1147 qud
1076 1087 1153 1138 corda
1164 1087 1208 1136 hu-

152 1171 227 1208 mana
239 1160 271 1208 ad
282 1158 379 1208 malum
392 1158 541 1207 naturaliter
552 1158 800 1218 propensa;terrenis
815 1160 840 1204 et
854 1155 997 1206 carnalibus
1008 1158 1087 1204 etiam
1098 1156 1208 1206 habitur-

152 1226 210 1276 llter
223 1227 306 1277 dedita
321 1231 347 1275 et
359 1225 485 1287 implicata
494 1262 501 1284 ,
510 1226 634 1274 convertit
644 1224 677 1273 ad
688 1224 811 1284 coelestia,
824 1226 859 1272 ita
874 1226 902 1272 ut
911 1224 1019 1273 terrenis
1030 1226 1057 1273 et
1071 1224 1213 1274 camalilrns'

153 1298 319 1358 contemptis,
332 1295 412 1345 licum
427 1294 510 1343 solum
525 1297 620 1343 ament.

183 1365 268 1426 Cogita
279 1364 347 1426 quali
363 1367 391 1413 in
403 1367 470 1413 statu
482 1367 545 1411 tunc
555 1366 619 1411 esset
630 1362 742 1438 mundus
754 1381 759 1408 ε
772 1369 836 1412 totus
846 1363 874 1411 iu
885 1361 1125 1425 perempertus,
1137 1364 1208 1415 idolo-

153 1433 233 1484 latriae
247 1439 272 1482 et
282 1434 370 1492 magia
380 1469 387 1491 ,
397 1436 422 1480 et
435 1431 553 1480 omnibus
564 1431 678 1481 nefandis
691 1431 796 1481 deditus.

184 1502 303 1550 Homines
317 1505 403 1549 tamen
416 1502 443 1549 ln
455 1499 500 1548 tali
513 1503 580 1548 statu
595 1503 690 1561 positos
707 1500 772 1550 Deus
789 1503 913 1551 convertit
927 1501 960 1552 ad
973 1501 1067 1564 iidem,
1079 1503 1112 1553 ad
1124 1507 1207 1556 sancti

154 1571 232 1618 tatem
248 1581 367 1626 morum,
379 1567 411 1615 ad
424 1566 563 1628 perlectum
574 1566 618 1616 liei
629 1568 736 1618 cultum.

184 1636 297 1697 illucque
311 1637 434 1699 percipies
444 1635 512 1696 quod
522 1634 577 1684 haeo
587 1637 685 1696 virtus,
699 1637 748 1696 qud
760 1637 856 1686 scilicet
866 1637 931 1687 licus
942 1637 991 1688 hoc
1006 1643 1094 1700 graue
1103 1644 1206 1693 miracu-

155 1707 210 1757 lum
225 1706 298 1767 iecit,
308 1719 359 1756 noa
370 1709 403 1754 sit
414 1707 498 1754 minor
511 1704 553 1752 1111
565 1705 615 1764 qua
626 1705 754 1754 Christum
767 1707 900 1756 amortuis
914 1711 1056 1758 suscitavit.

86 1818 91 1830 ,
185 1775 275 1842 Omnia
293 1774 418 1824 naturalia
440 1774 491 1822 lieo
511 1775 687 1823 incunctanter
703 1773 841 1824 obediunt:
856 1775 917 1826 hino
936 1781 1046 1839 natura,
1067 1777 1114 1829 liei
1126 1782 1203 1842 iussn,

155 1845 219 1894 bene
234 1844 345 1894 delinita.

185 1913 223 1963 Ad
236 1927 279 1964 cor
291 1914 435 1962 humanum
456 1911 506 1962 lieo
527 1911 682 1972 frequentius
695 1911 801 1972 rebelle,
815 1911 863 1963 hoc
873 1916 959 1962 tamen
973 1912 1040 1964 Dens
1053 1915 1151 1967 domuit
1161 1919 1205 1966 ria·

156 1987 210 2033 tute
219 1982 287 2032 fldel.

187 2052 250 2102 Addi
261 2055 342 2114 potest
359 2052 402 2101 hic
417 2051 485 2112 quod
498 2053 666 2100 communiter
680 2050 772 2100 dicitur
789 2051 914 2102 difficillus
927 2064 995 2113 esse,
1008 2058 1205 2118 majorisquepr-

156 2125 255 2182 tentloe,
269 2124 424 2186 peccatorem
434 2120 588 2180 justificare,
602 2121 677 2180 quam
690 2120 781 2168 coelum
793 2124 817 2168 et
829 2125 923 2169 terram
934 2135 1030 2171 creare.

187 2191 287 2250 Primii,
300 2189 358 2250 quia
370 2193 500 2249 peccatum
516 2193 541 2236 et
552 2192 630 2250 gratia
641 2189 720 2250 magis
733 2194 792 2237 sunt
807 2191 872 2239 inter
888 2202 915 2238 se
928 2195 1055 2241 contraria
1065 2195 1142 2256 quam
1150 2192 1205 2242 nihil

158 2263 183 2306 et
193 2259 296 2318 aliquid.

188 2326 299 2376 Secundi
310 2329 382 2386 ,qula
392 2331 523 2389 peccatum
534 2332 559 2376 et
568 2332 682 2389 peccator
693 2328 813 2388 longidsa
827 2329 876 2378 Deo
888 2329 983 2379 distant
995 2333 1073 2393 quim
1085 2333 1204 2384 nihilum=

158 2397 222 2444 licus
233 2397 301 2444 enim
313 2399 337 2442 et
344 2401 473 2457 peccatum
484 2397 534 2446 duo
545 2401 730 2458 suntextrema,
738 2399 836 2448 summe
844 2403 869 2447 et
878 2400 905 2447 in
917 2403 1074 2452 immensum
1087 2404 1203 2453 distantia.

155 2469 157 2472 ‘
187 2464 312 2524 lienique,
324 2467 383 2525 qrria
395 2468 473 2526 gratia
487 2471 512 2514 et
521 2469 619 2525 justitia
631 2467 726 2515 ordinis
736 2471 772 2516 est
785 2469 982 2529 supernaturalis
995 2475 1021 2519 et
1034 2472 1131 2533 divini;

187 2535 251 2584 ilinc
270 2537 368 2584 summai
382 2549 444 2598 opus
456 2543 492 2586 est
505 2539 657 2599 potentiani
668 2539 744 2586 homo
757 2552 800 2600 pcr
812 2543 944 2600 peccatum
964 2541 1030 2591 inira
1046 2557 1135 2594 ornnes
1146 2555 1205 2594 crta·

157 2606 227 2652 turas
244 2604 387 2666 depressus,
397 2619 472 2667 supra
484 2618 571 2654 ornnes
582 2611 694 2666 assurgat
705 2610 746 2665 ,et
757 2608 789 2655 ad
804 2610 909 2668 gratiam
921 2609 1069 2673 extollatur,
1079 2612 1168 2675 fiatque
1176 2613 1205 2661 di·

158 2675 508 2734 rinaenaturaecunsors,llei
522 2675 588 2723 filius
601 2675 723 2724 etlraeres.
1127 2708 1130 2713 <

185 2742 223 2791 Ex
233 2743 272 2791 lris
282 2744 399 2791 omnibus
407 2744 507 2804 colliges
519 2757 569 2792 non
578 2747 671 2792 mirum
684 2757 746 2804 esse,
759 2749 779 2795 si
791 2747 859 2796 dicat
867 2747 1000 2808 Apostolus
1015 2764 1090 2801 suam
1100 2759 1125 2802 et
1134 2753 1205 2816 Ephe

157 2811 253 2859 siarum
263 2810 419 2872 spiritualem
431 2814 639 2860 resurrectionem
652 2824 702 2860 non
714 2817 820 2863 minoris
832 2827 884 2864 esse
893 2819 1012 2876 potentiae
1021 2855 1028 2879 ,
1036 2822 1115 2881 qnam
1124 2821 1205 2871 Christi

157 2879 289 2941 gloriosam
301 2880 315 2941 a
326 2882 432 2928 mortuis
443 2882 660 2928 resurrectionem.

187 2947 235 2997 Sed
246 2948 293 2996 lrlc
308 2952 369 3010 puto
379 2960 429 2995 non
439 2948 606 2996 omittendum
616 2948 695 2997 alium
713 2963 814 2999 sensum
829 2964 903 3012 quem
919 2952 979 3002 dare
996 2955 1099 3008 videtur
1112 2959 1205 3009 Arabica

157 3019 254 3075 rersio,
267 3029 322 3076 qun
333 3017 369 3064 sic
382 3015 457 3064 habet
470 3034 477 3064 ε

187 3085 288 3143 litque
307 3086 339 3131 sit
359 3085 495 3132 eminentia
513 3085 693 3143 magnitudinis
708 3090 826 3147 potentia
846 3090 926 3150 ipsius
946 3092 973 3138 in
992 3093 1067 3143 nobis
1085 3094 1204 3154 ildelilrus,

158 3151 289 3212 pendentis
304 3152 336 3200 ab
353 3152 462 3200 etllcacia
473 3152 628 3202 tortitudinis
638 3155 734 3203 roboris
749 3159 841 3218 ipsius,
855 3157 922 3217 quod
938 3165 1089 3212 exercuitin
1102 3165 1205 3224 Chrisw,

160 3228 233 3277 quem
245 3219 373 3267 suscitarit
382 3257 389 3279 ,
398 3224 446 3268 etc.

188 3285 263 3364 Quasi
273 3285 339 3334 dicut
352 3287 419 3347 quod
429 3287 519 3337 Christi
534 3293 682 3339 resurrectio
699 3295 730 3340 sit
743 3305 818 3342 causa
830 3297 1023 3346 resurrectionis
1034 3305 1128 3350 nostra
1141 3302 1204 3364 spiri-

159 3353 246 3410 tualis,
255 3357 387 3415 nostraque
398 3355 458 3404 fides
470 3358 501 3405 ob
514 3361 568 3418 ipsa
581 3359 695 3419 pendeat.

188 3419 267 3477 liujus
278 3423 365 3470 sensds
377 3427 494 3474 meminit
504 3425 621 3486 Phutlus,
631 3432 656 3475 et
673 3430 686 3476 ri
703 3428 809 3490 Gagnaeo
825 3434 901 3480 etiam
917 3433 1042 3496 retertur,
1057 3442 1083 3487 et
1096 3438 1204 3488 tundatur

159 3490 186 3535 in
197 3500 226 3535 eu
239 3489 305 3548 quiid
317 3490 360 3546 τὸ,
372 3493 434 3538 κατὰ
444 3493 577 3542 secundum
592 3497 772 3555 operationem,
787 3500 941 3556 etr.,reierat
956 3501 989 3548 ad
1004 3505 1138 3554 credimur.

188 3555 235 3602 Sed
248 3557 337 3606 melius
349 3559 455 3609 refertur
466 3562 498 3609 ad
510 3563 537 3605 τό
547 3567 728 3624 supereminens
743 3568 890 3626 mupnttudo
904 3569 1024 3628 uirtutis,
1033 3579 1088 3628 etc,
1096 3586 1151 3633 qum
1163 3584 1205 3621 non

159 3629 195 3672 est
208 3625 348 3686 dissimilis,
361 3640 406 3676 nac
419 3629 521 3680 inferior
535 3632 578 3680 iila
590 3637 682 3682 virtute
696 3649 773 3696 qurum
787 3642 904 3696 opeutus
915 3644 949 3686 est
960 3639 989 3686 iu
1006 3640 1117 3700 elerum,
1128 3647 1155 3691 ut
1169 3655 1205 3691 er·

158 3693 277 3754 plicatum
290 3699 327 3742 cst
337 3714 344 3754 3
355 3699 378 3743 et
389 3702 425 3745 est
435 3700 605 3761 interpretatio
617 3702 792 3764 plerorumque
805 3707 967 3764 antiquorum
975 3727 983 3766 ;
991 3707 1020 3756 1).
1033 3709 1204 3771 Chrysostonri,

159 3762 333 3824 Theoplrylacti
342 3782 350 3822 ;
360 3770 384 3812 et
396 3770 582 3829 recentiorum,
595 3771 702 3820 Cornelii
715 3809 721 3832 ,
734 3772 871 3833 lienochli,
882 3775 984 3836 Tyriul,
996 3777 1149 3839 Fromondi,
1162 3784 1203 3828 etc.

188 3851 227 3898 20.
243 3851 323 3907 Ouum
335 3859 451 3913 operatur
462 3862 525 3904 est...

190 3919 232 3968 llla
247 3918 288 3967 lici
306 3922 384 3971 virtus
397 3926 421 3971 et
437 3923 557 3985 ἐνέργεια,
569 3926 618 3986 quai
633 3940 677 3978 nos
693 3929 723 3978 ub
742 3930 878 3982 idololatria
888 3935 918 3994 ,a
933 3939 1056 3997 peccatis,
1071 3937 1102 3986 nb
1115 3938 1204 3989 interno
