2512 4424
344 271 518 326 uniatur
535 273 760 329 anstistite.
780 275 860 332 GAP.
879 275 919 332 11.
1053 357 1060 368 ο
1105 272 1157 330 18¹

96 399 1160 435 w

420 517 557 592 CAPUT
578 520 834 598 SECUNDUM.

264 679 375 720 alixius.
769 684 955 725 pausemus.

95 802 122 851 1.
132 811 273 929 Derane
284 790 356 865 pos?
362 815 453 854 annos
468 816 539 868 qua·
563 809 707 913 Derane,
726 804 860 864 postquem
878 814 922 865 per
940 813 1022 852 annos
1038 808 1157 866 quatuor·

192 877 365 942 tuordecim,
378 879 478 930 iterum
492 894 539 931 as.
581 933 586 943 λ
613 867 695 919 decim
721 868 887 931 Evangeliurn
913 868 1035 920 Gentibus
1066 869 1159 932 praedi-

95 952 176 1006 cendi
187 955 390 1022 jerosolymam
402 969 467 1008 cum
477 959 539 1009 Bar,
562 946 658 984 cassem
670 972 677 994 ,
689 937 783 985 iterum
793 937 895 986 ascendi
907 936 1088 998 lerosolymam
1098 949 1159 988 cum

96 1029 182 1093 naba,
196 1037 342 1098 assumpto
355 1039 382 1084 e,
393 1034 467 1086 Tim·
563 1001 675 1053 Remaba
690 1009 715 1054 et
728 1005 783 1056 Tito
793 1008 867 1056 sociis
878 1007 950 1057 meis.

126 1107 155 1158 2.
171 1106 293 1161 Ascendi
318 1115 411 1197 autem
436 1123 537 1163 secum
591 1108 698 1158 Ascendt
710 1111 797 1159 eutem
808 1110 893 1160 divino
910 1113 1024 1161 monitus
1041 1109 1156 1171 oraculo,

124 1287 187 1340 Cas.
203 1288 235 1340 ii.
252 1290 757 1354 ibetnmposecnnosqecuerdecim...

122 1356 155 1409 Ut
165 1357 267 1408 Galatas
282 1358 315 1408 ad
327 1372 437 1410 errorem
448 1373 525 1410 suum
536 1362 693 1412 attraherent
702 1360 902 1426 pseudoapostoli
911 1362 1075 1423 judaizantes.
1086 1362 1157 1414 Pauli

96 1427 237 1479 doctrinam
251 1428 399 1479 calumniati
411 1435 487 1492 sunt,
501 1436 622 1492 unquam
633 1431 665 1480 ab
676 1429 851 1495 Apostolorum
864 1433 978 1483 doctrina
991 1431 1111 1483 alienam.

123 1500 154 1550 Ut
167 1497 268 1550 Galatas
287 1499 380 1550 Paulus
393 1501 425 1551 ab
445 1513 528 1551 errore
541 1501 726 1562 judaizantium
741 1503 847 1553 reducat
862 1503 895 1553 ad
907 1502 1000 1560 tidem,
1016 1501 1157 1554 doctrinam

95 1582 166 1620 suam
184 1569 295 1620 ostendit
310 1571 369 1622 vert
381 1570 560 1635 apostolicam,
572 1574 598 1622 et
607 1571 716 1623 aliorum
728 1571 904 1636 Apostolorum
922 1573 1042 1624 doctrina
1056 1573 1157 1624 contor-

94 1651 169 1689 mem.

122 1709 195 1760 nane
208 1722 267 1771 ergo
286 1709 489 1761 conformitatem
505 1711 669 1775 probaturus,
690 1713 717 1762 in
733 1712 831 1762 duobus
842 1712 885 1762 bis
895 1711 1021 1774 prioribus
1043 1713 1157 1764 versibus

94 1782 180 1828 narrat
192 1779 294 1840 quando
316 1783 341 1829 et
354 1793 401 1830 cur
417 1794 505 1830 rursus
524 1780 705 1841 lerosolymam
728 1783 802 1840 ierit,
819 1782 954 1838 nimirum,
966 1783 1157 1843 quatuordecim

94 1849 195 1898 annisa
210 1861 257 1898 sua
269 1851 448 1907 conversione.
464 1850 496 1900 ab
509 1849 674 1899 antiochenis
694 1849 820 1911 delegatus
837 1850 870 1899 ad
883 1849 1027 1913 Apostolos,
1039 1851 1071 1898 ob
1083 1862 1157 1899 exor-

93 1921 160 1976 tum,
174 1917 317 1978 prasertim
330 1917 469 1968 Antiochiae
480 1956 487 1980 ,
499 1918 529 1966 de
546 1916 665 1978 legalibus
676 1920 850 1979 questionem.

122 1985 214 2035 Narrat
223 1989 248 2035 et
260 1986 386 2047 quomodo
399 1988 426 2036 in
437 1987 485 2038 hoc
497 1987 604 2038 concillo
615 1987 646 2036 de
657 2000 703 2036 sua
716 1987 830 2037 doctrina
838 1985 938 2049 publico
950 1987 1085 2038 contulerit
1096 2000 1156 2037 cum

93 2055 213 2104 omnibus
227 2054 332 2117 quidem
347 2055 580 2118 ierosolymitanis,
595 2061 622 2105 at
638 2057 777 2118 prasertim
799 2058 824 2105 et
836 2054 932 2106 secreto
952 2068 1012 2105 cum
1030 2057 1156 2119 primariis

92 2122 219 2187 Apostolis
232 2123 323 2185 Petro,
336 2124 427 2175 lacobo
441 2129 466 2174 et
480 2126 586 2175 ioanne.

120 2192 270 2256 Disputatur
288 2193 356 2243 unde
375 2195 510 2245 inchoandi
523 2198 575 2245 sint
589 2196 630 2245 lsti
647 2197 837 2258 quatuordecim
855 2197 917 2246 anni
930 2208 938 2246 t
949 2207 983 2245 an
998 2195 1157 2246 avocatione

91 2261 184 2312 Paulit’
195 2275 229 2311 an
243 2262 351 2325 Aprima
368 2262 436 2313 iliius
449 2262 621 2326 proiectione?
632 2264 664 2314 de
679 2278 728 2328 qua
740 2267 861 2327 inprime
879 2265 960 2326 capite
976 2276 1002 2314 n.
1018 2267 1055 2314 18.
1150 2298 1154 2307 ·

120 2330 151 2380 1).
170 2330 340 2394 Hieronymus
352 2335 425 2395 putat
440 2345 493 2382 esse
509 2334 678 2383 numerandos
689 2335 704 2383 d
715 2336 798 2398 prima
814 2333 968 2396 proiectione
984 2332 1069 2394 Pauli,
1083 2333 1156 2384 seud

91 2402 203 2450 triennio
220 2405 277 2462 post
292 2400 360 2450 iliius
372 2404 560 2451 conversionem
572 2404 667 2452 exactb.

121 2469 149 2520 S.
161 2468 272 2518 'i'ltornas
283 2473 373 2532 etpost
387 2482 445 2520 eum
459 2471 581 2520 baronius
591 2475 664 2534 putat
677 2474 702 2520 ot
713 2472 802 2534 probat
813 2471 829 2521 A
839 2473 970 2522 vocatione
980 2471 1051 2520 Pauli
1063 2484 1156 2521 nume·

92 2537 185 2587 randos
199 2550 262 2587 esse.
277 2537 396 2588 Videatur
407 2538 436 2588 11.
450 2539 559 2589 Thomas
574 2541 627 2590 bic.
643 2541 776 2600 Batonius,
791 2542 853 2588 tom.
870 2538 1070 2589 t.adan.1lom.
1085 2542 1124 2590 bt.

121 2612 228 2662 Ascende·
244 2611 457 2674 lerosolymam...
467 2615 527 2674 qula
539 2614 566 2663 in
579 2615 707 2663 montanis
718 2617 772 2663 erat
782 2612 920 2662 adificatas
933 2612 994 2663 binc
1004 2617 1029 2662 et
1042 2612 1156 2662 Christus

91 2681 215 2732 Dominam
230 2699 237 2730 ε
250 2682 311 2731 Ecce
323 2683 477 2731 accendimur
490 2683 682 2746 lerosolymam.

123 2758 187 2808 Cum
198 2755 334 2814 Bernaba,
350 2763 477 2820 assumpto
488 2762 511 2806 et
523 2758 585 2807 Τιίο.

120 2825 169 2876 libi
190 2831 251 2875 nota
267 2824 296 2873 1).
316 2824 387 2874 Pauli
410 2825 590 2887 prudentiam=
606 2826 650 2886 qui
665 2823 751 2874 exorta
770 2827 907 2886 quastione
930 2824 961 2872 de
979 2822 1114 2884 legalibus,
1130 2828 1156 2872 ct

91 2900 223 2961 propterea
244 2896 276 2944 ab
299 2895 462 2945 Antiochenis
483 2896 515 2945 ed
533 2895 662 2958 Apostolos
688 2893 830 2956 delegatus,
845 2894 907 2943 duos
927 2895 1035 2943 emutuit
1058 2895 1155 2954 socios,

90 2978 200 3028 qnorum
215 2975 283 3012 unus
294 2966 348 3012 erat
363 2964 476 3024 iudeus,
490 2965 551 3014 alter
562 2963 670 3026 gentilis.

119 3032 239 3094 illucque
255 3031 322 3080 disca
334 3031 399 3080 nihil
414 3032 604 3095 negligendum,
617 3032 662 3082 scd
676 3033 760 3081 omnia
780 3033 858 3080 etiam
873 3029 986 3079 humana
999 3029 1082 3079 media
1102 3040 1156 3079 ease

91 3100 234 3159 adhibenda
247 3111 304 3161 quac
317 3099 349 3148 ad
367 3102 479 3148 veritatis
496 3104 612 3151 notitiam
626 3107 651 3151 et
661 3100 693 3151 ad
704 3112 791 3164 pacem
807 3102 912 3162 possunt
924 3097 1046 3147 conicere.

120 3185 145 3233 2.
167 3181 273 3233 Ascende·
283 3185 367 3229 cotem
379 3180 513 3230 secundum
524 3181 727 3231 revelationem...
997 3222 1001 3229 ,

120 3250 227 3315 Propter
242 3248 297 3298 brec
318 3247 407 3297 ultima
421 3250 496 3299 verba
508 3249 586 3311 aliqui
600 3250 716 3299 dubitant
729 3262 762 3298 en
775 3248 830 3299 haec
845 3248 917 3297 Pauli
932 3247 1050 3311 protectio
1068 3252 1101 3299 sit
1111 3261 1156 3300 ea·

90 3320 149 3380 mm
165 3332 227 3372 cum
246 3316 291 3367 illa
304 3316 335 3367 de
353 3329 402 3379 qua
415 3317 469 3369 Act.
483 3321 512 3369 15
519 3355 527 3382 ,
540 3318 643 3368 cunrad
655 3319 792 3368 concilium
809 3316 1048 3379 lerosolymitanum
1059 3317 1157 3380 prores-

90 3395 132 3442 tus
144 3393 193 3442 esc

119 3459 243 3519 Etenim,
254 3456 390 3518 inquiunt,
402 3455 445 3506 bic
463 3456 523 3507 dicit
536 3457 603 3519 quod
614 3494 621 3518 ,
632 3456 683 3505 lico
699 3458 834 3514 monente,
845 3452 1026 3515 lerosolymam
1039 3454 1096 3502 ierit
1107 3473 1115 3514 3
1127 3455 1155 3502 in

91 3527 160 3580 Actis
172 3526 234 3578 verb
250 3526 346 3574 dicitur
361 3524 427 3586 quod
439 3564 445 3585 ,
457 3525 604 3575 hominibus
617 3529 701 3588 ipsum
713 3523 903 3584 delegantibus,
920 3525 986 3571 ierit.

120 3597 171 3649 Sed
181 3595 249 3647 nihil
262 3599 387 3656 repugnat
401 3594 468 3655 quid
481 3600 505 3642 et
521 3595 564 3643 Dei
578 3596 694 3651 monitu,
710 3596 735 3640 et
744 3591 878 3640 hominurn
889 3578 1052 3652 delegaltone,
1064 3587 1157 3637 Pactus

91 3665 275 3729 lerosolymam
287 3665 360 3724 ierit3
375 3675 421 3713 nec
438 3664 493 3713 ideo
506 3660 698 3724 multiplicanda
717 3663 778 3708 sunt
793 3662 899 3719 itinera;
916 3659 959 3708 sed
972 3658 1055 3719 potiris
1065 3655 1157 3716 duplex

78 3737 129 3786 'est
138 3734 298 3798 agnoscendo
314 3731 392 3793 buius
407 3734 519 3793 ejusdem
531 3732 628 3781 itineris
641 3740 716 3779 causa
728 3746 735 3777 ι
747 3741 798 3777 una
811 3730 923 3787 interna,
934 3739 1010 3788 quam
1021 3725 1049 3773 ii.
1063 3723 1156 3770 Paulae

91 3804 133 3855 hle
143 3806 218 3855 nobis
228 3803 326 3864 aperit;
339 3799 418 3850 altera
437 3807 538 3850 externa
549 3836 556 3859 ‚
569 3799 601 3848 de
614 3795 664 3859 qua
673 3795 728 3846 Act.
743 3798 780 3856 lb,
792 3809 819 3845 n.
831 3799 856 3844 1.
1073 3855 1079 3866 ι

122 3874 167 3923 liei
188 3884 247 3937 ergo
264 3870 383 3930 monitu,
395 3869 487 3919 Paulus
504 3869 615 3932 suscepit
626 3864 807 3926 delegationem
819 3863 867 3912 sibl
886 3862 917 3909 ab
933 3851 1156 3931 Antiochenrsde-

92 3943 179 3995 latam
