2512 4424
253 265 425 318 uniatur(
441 267 668 322 Expostulo.
688 269 768 321 CAP.
787 269 870 320 xlii.
1035 271 1088 322 159

58 357 131 407 Tunc
149 357 289 420 superioria
305 358 459 421 indignatio,
478 363 544 410 sicut
566 365 592 410 et
608 362 660 411 divi
681 360 751 411 Pauli
774 363 800 409 in
822 359 964 410 Corinthios
985 361 1089 412 rebeiiee

33 428 181 487 commotio,
194 429 290 475 oriatur
302 440 333 476 ex
345 428 483 477 visceribus
494 429 685 490 miscricordiae3
697 434 801 490 paterno
811 441 909 490 semper
918 429 990 490 piena
1004 433 1037 480 ait
1049 431 1088 480 ai-

32 495 110 557 iectu;
124 498 198 545 intua
207 495 339 545 condoleat
350 496 409 546 tiliis
420 498 576 556 errantibus,
590 510 654 558 quoe
666 498 748 548 verbis
765 500 878 562 increpat
890 501 915 547 et
926 502 1088 562 perstringit,

32 570 56 614 ut
68 565 101 615 ad
114 567 294 629 poenitentiam
310 566 434 626 adducat,
444 579 471 615 u.
484 569 507 615 3.

58 647 232 696 Taarru1.-
243 646 290 696 Ubi
301 649 416 709 superior
431 648 509 696 minis
529 649 565 697 uti
579 650 693 708 cogitur,
707 660 758 697 non
772 661 844 697 cuam
855 650 933 709 jaciet
944 652 968 698 et
982 653 1089 700 ostentet

31 717 171 766 humanam
185 719 345 778 potentiam:
360 717 409 766 hoc
427 719 495 765 eninr
511 716 709 767 dominationem
726 722 831 779 saperet.

59 785 107 835 Sed
118 784 283 834 inferioribus
292 788 344 834 suis
357 786 401 835 Dei
412 786 501 835 utiensi
513 786 627 835 exhibeat
640 789 848 848 omnipotentiam
857 796 887 836 ac
899 787 1010 837 terribile
1019 787 1089 847 judi-

33 857 97 904 cium
105 874 114 915 ς
124 867 190 916 quos
205 857 308 904 iuterim
318 854 449 916 hortetur,
465 867 498 903 ne
514 855 607 904 iaciant
620 854 688 904 iliius
699 857 916 917 experimentum,
930 869 956 904 n.
973 859 996 905 3.

60 935 237 997 Quanam.-
249 934 295 984 Ubi
311 939 424 998 superior
436 938 531 997 virgam
548 938 704 986 auctoritatis
713 935 805 985 divinas
822 935 972 998 ostenderit,
988 951 1032 986 sau
1046 938 1089 987 ubi

34 1005 190 1054 tremendam
198 1005 242 1053 liei
254 1007 311 1054 irati
324 1008 349 1054 et
358 1004 465 1054 vindicis
477 1007 687 1067 omnipotentiam
700 1004 841 1055 exhibuerit
852 1005 1012 1055 inferioribus
1020 1010 1090 1068 auis,

35 1077 132 1134 cutim,
145 1073 180 1122 ad
191 1072 333 1135 exemplum
345 1074 374 1123 ii.
386 1073 474 1135 Penii,
487 1078 541 1124 oret
551 1087 596 1136 pro
608 1076 677 1136 Ipsis.

62 1142 173 1192 Tauium
191 1141 262 1190 abest
283 1145 311 1190 ui
329 1141 431 1191 iliorum
446 1145 605 1205 punItionem
623 1142 758 1209 desideret,
771 1141 885 1203 quinimo
906 1146 1016 1204 oreipro
1033 1155 1090 1205 per-

39 1211 95 1260 iccta
110 1213 226 1274 ipsorum
248 1212 430 1260 restauratione
438 1231 446 1272 ;
460 1211 534 1273 cuiph
550 1213 601 1260 sini
615 1212 708 1270 vacui,
730 1213 822 1260 virtute
841 1210 926 1272 pleni,
937 1210 987 1259 Deo
1005 1215 1088 1274 gratlr

40 1281 85 1343 ipse
97 1280 159 1329 verb
173 1279 304 1341 despectus
316 1279 438 1330 habeatur
447 1283 487 1340 ‚et
500 1293 544 1343 pro
558 1282 617 1342 ipsis
627 1282 760 1342 puniatur,
774 1291 802 1327 n.
815 1282 840 1327 7.

65 1349 107 1399 iicl
130 1349 217 1412 gioriae
237 1349 288 1398 reio
307 1361 457 1410 succensus,
470 1350 559 1410 suique
577 1349 669 1398 oblitus
682 1351 809 1411 superior,
823 1349 983 1409 semetipsum
999 1347 1093 1398 divinae

42 1420 137 1536 {petitia
152 1419 285 1470 victimam
304 1418 469 1484 temporalem
483 1419 571 1469 oiierat
587 1431 633 1482 pro
645 1421 737 1469 aterna
757 1416 914 1468 subditorum
932 1429 1036 1467 suorum
1049 1430 1083 1470 sa·
