2512 4424
146 259 183 310 50
313 257 501 310 SECUNDAE
518 259 725 311 EPlSTOLAE
742 261 791 312 tn
808 261 1049 314 CORINTHIOS

173 348 264 410 ilagua
283 349 387 409 quidem
409 353 496 400 nostra
522 350 616 401 fiducia
644 352 745 402 dicendi
802 359 830 408 i.
846 357 990 409 Fiduciam
1010 360 1106 408 autem
1126 350 1210 405 talem

56 457 69 473 ,
144 412 223 473 talia;
237 417 296 474 qnia
315 428 408 476 agua
424 416 486 466 binc
507 418 746 479 noblsgloriaesed
769 434 903 487 habemus
927 448 980 500 W
1007 433 1150 486 cmm
1173 426 1209 482 qd

143 485 210 536 banc
223 488 328 548 gloriam
341 494 366 537 et
378 489 500 540 iidnciam
511 491 650 552 babemus,
664 505 717 541 non
730 494 745 541 l
770 517 876 566 Deum·

143 554 234 614 nobis,
246 556 291 605 sed
299 557 392 606 Christi
409 557 548 608 beneflcio:
560 572 614 609 nou
623 562 652 608 ln
662 560 745 621 nobis,

143 624 188 672 sed
198 626 225 672 in
238 625 305 684 lieo,
319 631 344 673 et
361 626 429 687 apud
444 627 535 676 Deum.
780 635 789 651 ⁴

173 690 231 742 ilaec
244 696 314 742 enim
329 695 401 743 robis
419 695 542 759 dicimus,
561 709 612 746 non
630 699 702 758 qnasi
714 710 744 747 er
801 697 828 746 5.
838 696 898 746 lion
907 692 986 759 qnod
996 685 1209 743 sufficientessi·

143 761 233 822 uobis,
244 775 290 812 seu
303 765 397 812 nostris
414 765 511 814 viribus
530 769 657 828 possimus
667 766 742 830 qnid·
767 786 830 824 mus
837 771 961 837 cogitare
971 766 1105 834 aliquida
1116 764 1208 828 nobis,

172 971 258 1030 ltaque
269 1007 277 1028 ,
290 983 335 1032 per
345 969 422 1019 tidem
433 973 458 1019 et
469 982 545 1032 opera
555 977 640 1022 restra
649 977 719 1036 patet
728 973 796 1035 qubd
808 974 868 1022 estis
879 969 997 1033 epistola,
1006 969 1083 1029 quim
1093 967 1208 1017 cbristm

142 1040 196 1100 lpse
215 1039 334 1099 scripsit,
349 1043 436 1087 nostro
451 1040 594 1087 ministerio
607 1045 694 1100 utens,
707 1043 801 1090 nostris
818 1040 940 1098 vocibus,
953 1039 1025 1098 qnasi
1038 1039 1208 1084 instrumento

141 1119 204 1166 suo;
220 1109 320 1167 scripsit
339 1112 425 1155 antem
451 1119 502 1156 non
523 1111 684 1167 atramento,
708 1108 752 1157 sed
773 1109 883 1157 eliicacii
907 1110 933 1155 et
956 1106 1079 1155 edusioue
1100 1103 1207 1166 Spiritds

142 1175 228 1224 Sancti
239 1195 248 1234 ;
259 1189 312 1223 non
323 1178 350 1224 in
365 1175 458 1223 tabulis
474 1176 546 1224 duris
563 1180 588 1224 et
604 1179 702 1236 saxeis,
713 1177 757 1226 sed
770 1180 798 1226 in
812 1176 906 1226 tabulis
918 1174 1054 1232 mollibus,
1069 1172 1208 1246 obedienti

141 1245 208 1303 bus,
223 1244 249 1292 id
264 1247 319 1303 est,
333 1246 361 1292 in
373 1244 490 1293 cordibus
501 1247 592 1293 restris
605 1245 745 1306 docilibus,
757 1247 825 1295 etad
838 1248 924 1294 omnia
935 1245 1069 1307 promptis.

171 1313 234 1362 licta
251 1312 295 1361 hic
314 1313 452 1362 indicatam
468 1315 599 1373 utriusque
612 1315 766 1364 Testamenti
784 1316 961 1365 diliercutiam.

172 1382 271 1442 Quanto
283 1382 414 1430 intervallo
425 1384 529 1444 spiritus
539 1383 571 1430 ab
583 1388 741 1443 atramento,
760 1389 785 1432 et
797 1398 840 1433 cor
855 1385 870 1432 a
891 1383 974 1444 lapide
984 1382 1075 1442 distat5
1093 1385 1168 1431 tanto
1181 1382 1208 1430 ei

141 1462 238 1500 norum
251 1450 440 1498 Testamentum
453 1450 534 1512 alege
549 1451 693 1513 discrepat,
705 1455 742 1502 ait
754 1453 965 1514 Tbcophylactns.

172 1537 333 1586 Onsmrrrro
346 1550 464 1587 nonnus.
476 1561 510 1575 -
520 1538 584 1587 iiiuc
597 1543 622 1586 et
635 1538 723 1598 collige
741 1559 749 1588 z
771 1552 829 1600 ergo
847 1554 892 1589 cor
907 1553 995 1588 meum
1013 1539 1102 1588 clnrta
1115 1537 1206 1587 cuncti

142 1611 196 1667 est,
209 1607 315 1667 digitus,
329 1619 380 1667 qno
393 1606 507 1655 Christus
520 1609 547 1656 in
559 1608 634 1657 corde
648 1621 706 1656 meo
715 1609 806 1657 scribet
816 1644 823 1665 ,
833 1609 942 1669 Spiritus
952 1610 1061 1658 Sanctm
1071 1612 1128 1667 est;
1138 1613 1206 1656 atra-

142 1679 258 1724 mentum
273 1688 324 1736 quo
340 1677 420 1723 utitur
438 1678 536 1736 gratia,
555 1678 705 1738 inspiratio,
725 1675 878 1736 illustratio,
895 1678 937 1738 pia
950 1678 1045 1736 metim
1059 1676 1131 1737 quod
1142 1677 1206 1726 scri·

141 1745 227 1804 bitur,
242 1743 321 1804 tides,
340 1757 413 1806 spes,
426 1745 545 1794 charitas.
713 1806 716 1810 Α

170 1813 254 1863 [eum
267 1817 304 1862 est
315 1826 366 1862 uon
384 1827 437 1862 esse
448 1827 569 1874 sarcum,
587 1815 651 1864 dura
664 1818 776 1874 cervice,
787 1828 840 1864 nou
854 1818 970 1864 resistere
981 1815 1086 1876 Spiritui
1095 1815 1190 1863 Sancto
1197 1833 1205 1874 ;

119 1910 124 1918 ·
141 1883 185 1932 sed
198 1883 298 1932 obedire
309 1883 369 1931 hnic
384 1883 461 1944 digito
472 1883 515 1931 liei
526 1919 534 1942 ,
547 1886 574 1932 in
585 1883 660 1932 corde
677 1897 734 1933 meo
745 1885 887 1945 scribendi,
898 1885 924 1932 id
934 1888 971 1932 est
980 1920 988 1943 ,
997 1885 1105 1946 Spiritui
1114 1884 1205 1932 Sancto

141 1952 287 2013 inspiranti.

171 2020 238 2081 Quin
250 2025 275 2069 et
286 2021 349 2079 boe,
366 2019 381 2069 d
394 2021 459 2070 liens
469 2024 477 2070 l
489 2024 528 2070 est
539 2026 590 2071 tute
603 2024 698 2082 gratia.
1124 2067 1128 2072 .

172 2090 248 2138 Aufer
260 2091 337 2149 igitur
351 2093 463 2150 primum
474 2091 489 2138 a
502 2103 554 2149 me,
566 2102 609 2138 cor
623 2090 769 2153 lapideum,
784 2102 897 2152 saxeum,
911 2090 1125 2150 adamantinum,
1139 2089 1205 2140 etde

140 2158 205 2208 mibi
219 2171 263 2207 cor
276 2170 413 2215 carneum,
424 2160 530 2218 virum,
543 2161 670 2218 sentiens,
684 2160 812 2208 obediens.

170 2226 254 2274 Etiam
266 2225 385 2274 rebellem
397 2226 519 2288 compelle
528 2226 686 2275 voluntatem
696 2241 790 2276 meam.

169 2293 245 2351 liele,
259 2293 359 2341 destrue
369 2296 395 2341 in
407 2295 482 2343 corde
492 2308 564 2353 meo,
578 2307 666 2344 omnes
678 2294 752 2343 falsos
763 2307 862 2344 amores
871 2332 879 2354 ,
888 2308 968 2344 renos
981 2299 1106 2355 tenores,
1117 2297 1204 2344 noxios

140 2375 254 2422 errores,
272 2368 317 2421 nt,
337 2363 378 2411 his
393 2365 511 2413 omnibus
524 2364 612 2414 deletis
624 2368 651 2413 et
665 2364 812 2424 destructis,
823 2365 977 2414 veridicam
992 2385 999 2414 ι
1012 2367 1144 2414 Paratum
1164 2378 1205 2414 cor

139 2442 238 2487 mmm,
251 2433 332 2487 Deus,
341 2438 463 2492 puratum
474 2446 517 2481 cor
526 2446 619 2483 meum.

170 2497 199 2546 ln
212 2510 242 2545 eo
253 2499 333 2546 scribe
343 2502 492 2561 veritatem,
506 2503 623 2563 imprime
636 2504 735 2550 castum
749 2503 884 2560 timorem,
899 2500 1007 2551 infunde
1019 2504 1153 2552 elnaem
1167 2501 1204 2552 tut

140 2569 234 2615 amoris
250 2567 369 2616 allectum
377 2589 385 2629 ;
403 2574 428 2617 te
443 2572 630 2632 superomnia,
649 2570 712 2632 pure
730 2573 757 2618 et
770 2571 845 2619 unice
859 2569 972 2632 diligam.

169 2662 194 2709 i.
208 2663 341 2711 Fiduciam
357 2654 441 2713 antem
460 2664 576 2714 talem...
669 2673 684 2700 ⁸

65 2734 69 2739 “
168 2729 265 2780 Rursus
278 2744 332 2780 sese
347 2731 473 2794 explicat,
491 2735 526 2782 ita
547 2738 576 2781 ut
591 2736 670 2783 totam
691 2733 741 2782 lieo
761 2733 866 2796 gloriam
879 2733 976 2782 reddat.

170 2806 303 2854 Fiduciam
323 2815 406 2855 nutem
423 2808 516 2867 talem,·
537 2806 605 2869 quod
623 2807 727 2869 epistola
747 2812 848 2867 nostra,
869 2822 914 2857 sen
938 2811 1025 2857 nostro
1043 2810 1203 2871 ministerio,

139 2877 232 2936 scripta
248 2877 303 2923 sitis
323 2876 417 2937 Spiritu
431 2876 475 2924 liei
490 2878 542 2924 riri
551 2896 560 2935 ;
577 2876 662 2934 banc,
682 2879 807 2937 inquam,
826 2876 946 2926 fiduciam
963 2877 1106 2938 babemus,
1125 2879 1204 2927 nond

138 2943 210 2993 nobis
220 2980 228 3002 ,
240 2942 283 2991 sed
294 2945 309 2990 a
320 2944 434 3004 Christo;
452 2945 569 3004 hancque
579 2944 685 3005 gloriam
699 2944 823 2994 habemns
834 2957 886 2994 non
899 2948 927 2994 in
938 2945 1030 3004 nobis,
1044 2946 1090 2996 sed
1109 2949 1139 2996 in
1156 2947 1204 2996 neo

138 3017 164 3061 et
173 3012 240 3074 apud
254 3012 349 3072 Deum,
363 3015 433 3073 qnasi
445 3013 539 3060 diceret
551 3031 558 3057 ι

167 3082 290 3142 Equidem
304 3095 394 3143 magna
412 3086 449 3129 est
467 3084 552 3128 nostra
568 3077 660 3126 fiducia
681 3078 782 3127 dicendi
799 3079 859 3128 talia
878 3083 908 3128 de
925 3083 1018 3132 robis:
1033 3087 1095 3146 quia
1114 3097 1204 3148 magna

138 3150 198 3200 binc
221 3152 293 3199 nobis
310 3151 465 3212 gloriationis
482 3153 506 3194 et
527 3147 756 3196 commendationis
775 3150 897 3207 materia;
914 3149 957 3197 sed
976 3151 1046 3201 banc
1065 3153 1202 3215 ddneiam,

135 3219 253 3281 ,namque
268 3219 373 3281 glorium
395 3215 463 3279 apud
483 3216 563 3263 licum
584 3215 721 3275 habemns,
743 3229 795 3265 non
813 3220 899 3266 nostro
914 3219 1022 3278 merito,
1042 3221 1089 3269 sed
1111 3224 1203 3273 christi

137 3289 259 3338 beneficio
275 3293 299 3336 et
312 3290 412 3336 merito.

168 3364 275 3411 fiducie
293 3368 395 3417 rostra,
418 3358 444 3407 id
464 3362 515 3416 est,
537 3357 651 3419 gloriatio
673 3361 759 3408 nostra
779 3372 825 3421 per
842 3359 971 3409 Christum
992 3364 1082 3412 estad
1102 3365 1201 3415 lienum

137 3431 252 3482 cbristus
263 3433 332 3479 euim
343 3430 416 3478 nobis
427 3433 463 3476 est
473 3440 547 3476 causa
558 3442 604 3476 cur
616 3431 642 3476 in
654 3428 704 3477 lieo
714 3429 867 3489 gloriemur5
877 3430 992 3491 nihilque
1000 3430 1077 3493 plane
1087 3440 1202 3484 nostram

138 3505 237 3559 est,me
249 3501 387 3547 minimum
400 3495 512 3556 quidem.
527 3495 737 3557 Tbeopbylactns.

166 3569 220 3617 Nou
234 3567 299 3625 diri,
311 3565 430 3613 fiduciam
444 3564 566 3611 habemus
575 3600 583 3620 ,
593 3567 716 3623 tanquam
726 3563 797 3613 alind
810 3567 926 3613 nostrum
938 3567 985 3625 sit,
999 3566 1072 3617 alind
1085 3569 1148 3631 liel;
1159 3570 1201 3621 sed

137 3641 221 3686 totum
239 3635 289 3683 lieo
302 3633 411 3682 ascribo.
425 3632 454 3680 li.
474 3632 677 3693 chrysostomos.

167 3727 192 3772 5.
209 3723 263 3770 b'ou
279 3720 346 3781 qnod
361 3719 509 3780 sufficientes
519 3721 653 3787 πωπω..

166 3791 224 3841 llaec
234 3791 303 3837 enlm
315 3788 385 3836 robis
398 3787 520 3847 dicimus,
531 3801 583 3836 non
592 3791 663 3848 qnasi
676 3791 755 3837 simus
767 3786 782 3835 d
792 3787 880 3844 nobis,
890 3789 965 3849 queri
977 3804 1007 3839 ee
1015 3793 1106 3852 nobis,
1118 3795 1145 3844 id
1155 3798 1200 3856 cet,

136 3861 229 3910 nostris
243 3863 338 3904 natura
350 3857 460 3915 viribus,
474 3857 640 3918 sufficientes,
653 3857 754 3917 idonei,
766 3857 875 3917 coptmrc
891 3858 991 3919 aliquid
1004 3861 1038 3910 ad
1054 3867 1201 3914 animarum

137 3929 327 3979 conversionem
343 3933 367 3974 et
381 3926 488 3976 salutern
501 3927 640 3976 conterens.
