2512 4424
387 250 558 304 Taiatex
577 253 803 311 Expostulo.
823 258 905 311 CAP.
925 259 958 312 V.
1147 261 1200 314 259

172 336 199 386 i.
212 337 343 393 Evacuall
354 343 420 396 estis
430 345 446 397 d
455 346 577 408 Christo,
632 347 702 398 iicet
713 350 822 401 exieritis
832 352 967 403 Christiani
978 354 1115 404 rideamini
1126 353 1200 404 Chri-

134 411 185 475 qui
203 413 233 464 in
254 415 314 482 lege
336 417 523 485 justificamini
543 425 579 478 :p
601 417 719 477 stumque
741 417 838 480 colere,
854 422 941 470 rererd
957 423 1044 471 temen
1060 423 1129 472 inids
1140 435 1199 472 eva·

130 490 223 552 grafia
235 495 384 551 excidistis,
602 487 669 533 eueti
684 488 745 534 estis
765 487 780 535 d
798 487 898 538 Christe
914 509 921 538 ε
941 501 1044 540 emnem
1057 489 1200 553 perdidistis

601 553 713 604 fructum
730 560 820 607 mortis
837 572 867 608 ae
882 559 1062 622 redemptionis
1078 561 1169 611 Christi
1189 579 1197 610 e

599 622 751 673 benaicium
772 627 858 685 gratim
875 628 1012 688 amisistis,
1034 630 1123 690 quiin
1145 626 1199 690 lege

597 690 731 752 justificari
744 695 866 754 quaeritis.

170 749 196 798 5.
211 749 267 802 lios
277 754 353 806 enim
361 756 459 823 spiritu
468 772 502 811 ex
510 758 574 824 ilde,
629 758 678 808 Nes
689 761 759 808 enim
769 759 906 809 christianl
923 763 1049 821 justitiam
1061 763 1198 824 querimus

130 835 212 888 spem
220 825 337 892 justitias
346 840 547 900 exspectamus,
598 829 689 889 spiritu
701 832 727 878 et
743 829 917 892 spir-ltualihus
935 832 1035 881 actibus
1043 852 1051 893 ς
1062 846 1107 882 vos
1121 845 1198 883 earne

598 903 624 948 et
641 899 785 949 carnalibus
805 902 978 961 eaeremonlls;
996 914 1041 952 nos
1062 915 1107 965 per
1122 903 1198 953 iidem

598 966 690 1016 Christi
703 971 878 1029 exspectamus
886 970 1011 1026 iustitiam
1021 973 1146 1030 speratam
1156 1004 1164 1028 ,
1173 973 1199 1018 et

595 1036 700 1093 iustitis
715 1035 846 1096 fructum,
860 1038 940 1085 vitam
957 1040 1153 1096 eternumque
1167 1048 1198 1086 ex

598 1103 659 1165 legis
677 1105 804 1167 operibus.

161 1161 188 1211 6.
199 1161 271 1215 Nam
284 1165 313 1216 in
326 1167 517 1234 christetem,
528 1186 575 1226 ne·
627 1172 690 1221 Nam
707 1176 733 1221 in
754 1171 942 1223 christianismo
961 1173 994 1222 ad
1014 1172 1123 1223 sulutem
1144 1185 1195 1222 non

127 1249 181 1301 que
190 1239 372 1298 circumcisio
379 1247 484 1314 aliquid
492 1250 572 1314 valet,
597 1240 694 1303 euniert
707 1238 775 1301 qudd
783 1243 841 1301 quis
853 1242 1020 1291 circumcisus
1029 1243 1076 1298 sit.
1087 1245 1133 1290 aut
1143 1252 1196 1291 nou

126 1325 220 1379 neque
231 1321 401 1386 ppaepufium
412 1363 420 1386 ‚
596 1308 763 1357 circumcisus
776 1327 784 1357 r

126 1389 173 1440 sed
186 1391 260 1445 tides
275 1408 341 1462 quae
351 1411 401 1465 per
412 1399 572 1457 charitatem
627 1391 675 1440 Sed
696 1391 758 1441 tides
777 1393 804 1440 in
821 1390 950 1441 Christum
963 1429 970 1452 ‚
982 1404 1034 1441 nen
1054 1391 1126 1451 sola,
1147 1405 1195 1442 nee

125 1474 273 1531 οων
596 1457 1195 1592 timeressedissemus

594 1541 692 1656 servat,
708 1600 733 1646 et
752 1598 794 1659 pia
809 1596 870 1646 iaclt
880 1565 964 1660 opere.
987 1564 994 1588 ⁹

121 1793 139 1842 C
141 1727 325 1845 114ῐιὶίξίνναονιννιι·
340 1734 398 1783 emis
411 1733 547 1786 debriato.
565 1735 609 1786 Gr.
623 1735 709 1786 aboliti
727 1738 787 1787 estis
798 1737 814 1785 a
827 1735 935 1786 christo.
950 1737 1006 1800 Syr.
1022 1737 1164 1788 descivistis
1178 1738 1195 1787 b

149 1833 248 1914 &astas
259 1868 315 1915 est:
328 1867 429 1920 Christo
437 1872 512 1921 raeui
529 1870 589 1922 laeti
601 1874 670 1922 estis.
682 1872 744 1923 Vide
755 1871 939 1935 paraphrasim.
949 1872 1005 1922 Non
1015 1873 1075 1922 estis
1085 1871 1194 1935 amplius

120 1928 272 1984 Christiani.
284 1936 355 1987 Nihil
369 1941 441 1990 uobis
449 1941 560 2005 amplius
570 1955 631 1992 cum
642 1942 758 1998 Christo.
770 1955 818 1992 nee
830 1942 969 2004 quidquam
979 1942 1050 1991 uobis
1060 1941 1092 1990 ab
1104 1941 1147 1991 illo
1155 1945 1194 1992 est

120 2004 340 2065 exspectandum,
352 2010 420 2058 sicut
430 2009 493 2059 dixit
506 2010 582 2072 supra
594 2030 600 2060 ι
617 2012 729 2062 comtos
743 2012 815 2062 uobis
827 2011 895 2061 nihil
907 2012 1028 2073 proderit.

149 2067 218 2119 lllne
235 2072 350 2125 lulertur
363 2078 432 2138 quod
448 2077 526 2140 aliqui
539 2081 594 2138 iam
610 2080 762 2130 ceciderant.

147 2135 216 2199 Quot
231 2138 379 2203 baptizatld
391 2145 491 2195 Christo
504 2151 565 2196 sunt
580 2149 650 2197 intus
663 2149 777 2197 evacuati
786 2150 793 2196 i
803 2148 948 2209 quicunque
958 2149 1059 2196 terrena
1069 2147 1195 2208 sapientes

117 2217 191 2257 suam
209 2210 239 2258 in
254 2213 368 2262 terrenis
384 2218 409 2263 et
423 2215 567 2265 carnalibus
580 2215 726 2266 ieileltaiem
741 2219 867 2278 quarunt.

146 2291 170 2339 5.
185 2291 240 2342 Noe
256 2293 346 2352 enim,
361 2297 406 2355 qui
419 2295 478 2345 uere
491 2295 638 2346 Christiani.
650 2296 712 2346 Vide
725 2297 908 2360 paraphrasim.

115 2365 360 2485 Vlt{perstiterattitire,
375 2368 464 2432 phrasi
484 2369 617 2429 hebraica,
631 2375 757 2433 speratam
766 2372 893 2432 justitiam
907 2373 933 2419 et
945 2348 1052 2430 iustitie¹
1063 2369 1175 2421 fructum
1183 2405 1194 2430 „

167 2445 196 2482 ns
259 2447 348 2485 rnam.
752 2453 759 2464 ’

141 2518 167 2564 e.
180 2516 251 2566 Nom
268 2518 299 2567 io
317 2517 421 2568 Cbro‘sto
436 2519 527 2569 lesa...
540 2518 602 2569 Vide
615 2518 799 2582 paraphrasim.

143 2591 194 2639 Sed
209 2591 275 2653 tides
295 2605 354 2655 que
370 2605 419 2654 per
435 2593 587 2642 charitatem
604 2599 734 2654 operatur.
748 2593 792 2641 Gr.
803 2605 849 2654 per
861 2592 1009 2643 charitatem
1024 2591 1118 2640 etilcax.
1134 2591 1191 2655 Syr.

111 2669 167 2718 qua
183 2659 324 2722 perficitur
338 2661 480 2722 charitate,
492 2661 585 2721 idest,
596 2671 653 2722 quea
665 2660 805 2721 charitate,
818 2662 891 2722 quasi
901 2659 987 2709 aalma
1000 2658 1152 2708 informatur
1165 2664 1192 2708 et

110 2733 241 2790 operatur.
545 2774 548 2778 r

139 2797 362 2849 circumcisionis
374 2803 401 2849 et
416 2796 536 2863 preputii
549 2799 686 2849 discrimen
697 2796 760 2846 tides
773 2794 885 2846 abstulit.

138 2865 227 2927 Adsit,
240 2867 329 2927 absit,
348 2867 460 2930 perinde
481 2871 519 2918 est
527 2887 536 2928 ;
549 2867 606 2916 heae
624 2864 763 2928 corporalia
777 2863 844 2913 Deus
856 2865 884 2912 in
901 2865 954 2913 suls
965 2873 1018 2911 non
1034 2861 1189 2920 considemt.

109 2933 151 2983 sed
162 2934 244 2984 iidem
258 2938 289 2985 ln
304 2935 398 2984 lesum
410 2934 553 2986 Christum.

136 3003 210 3054 Sicut
225 3007 255 3053 ln
267 3003 402 3052 militibus
419 3016 473 3052 non
486 3003 629 3053 albedinem
645 3005 692 3052 aut
706 3000 878 3062 nigredinem,
892 2998 935 3048 sed
946 2998 982 3046 rei
994 2996 1110 3046 milliaris
1120 2998 1189 3059 perl-

107 3072 167 3121 ilam
182 3073 266 3123 duces
280 3071 435 3136 postulunt,
447 3073 485 3120 ait
499 3071 671 3121 'theoderetus
683 3074 739 3133 post
748 3069 777 3117 li.
789 3067 1009 3128 Chrysostnmuma

133 3141 170 3190 lta
190 3142 262 3192 Deus
282 3145 313 3191 in
331 3143 389 3191 suis
405 3140 534 3189 militibus
549 3138 689 3201 corporalia
711 3150 762 3187 uon
778 3135 935 3195 conalderat,
947 3134 991 3184 sed
1009 3134 1126 3184 animum
1139 3133 1190 3184 lide

104 3209 176 3270 vird,
194 3213 275 3272 qnasi
287 3210 384 3259 anima
398 3205 569 3256 lniermatum
586 3211 611 3254 et
623 3209 777 3266 operantem.

135 3284 197 3342 oure
214 3298 266 3347 per
282 3283 451 3333 dilectionem
468 3287 605 3342 operotm,
623 3278 650 3326 ld
663 3282 716 3337 est,
728 3288 785 3339 quae
795 3286 893 3338 semper
908 3273 993 3324 efficax
1008 3278 1034 3324 et
1045 3275 1102 3324 vive
1117 3287 1189 3326 eom·-

101 3357 264 3403 monstratur
282 3350 520 3415 perdilectionem
534 3359 593 3406 erga
606 3345 746 3394 Christum.

129 3420 174 3470 llla
193 3422 251 3472 sola
271 3421 359 3479 tides,
371 3431 432 3480 quaa
448 3417 576 3465 charitate
593 3413 682 3474 flagrat
694 3416 720 3460 et
732 3411 805 3460 bools
822 3409 938 3472 operibus
954 3408 1068 3472 insudat,
1079 3411 1146 3463 valet
1163 3410 1188 3458 io

99 3487 198 3541 Christo
218 3491 285 3540 lesu
299 3510 307 3538 ε
322 3489 351 3538 S.
368 3485 520 3535 Anseimus.

128 3559 187 3611 llaec
198 3559 270 3609 fides
280 3594 289 3619 ,
301 3558 522 3608 christianorum
538 3552 577 3598 est
587 3547 659 3597 tides.
673 3546 745 3596 Fides
758 3547 936 3622 eutemlotiosu
949 3550 974 3595 si
984 3547 1040 3596 sine
1048 3545 1186 3605 chartule.

97 3622 156 3677 tides
167 3633 207 3677 est
222 3629 398 3676 daemonum.

124 3696 236 3746 Attende
252 3695 305 3744 tibi
319 3691 420 3742 etvide
437 3686 523 3750 qualis
539 3686 572 3732 sit
583 3683 646 3731 ssdes
656 3685 717 3742 tua;
733 3694 762 3730 ex
774 3680 889 3744 operibus
898 3681 994 3741 iudica.

124 3779 148 3824 ⁷.
164 3775 328 3826 Currebatis
350 3770 430 3828 benc,
448 3768 508 3829 quie
522 3778 569 3813 eos
581 3761 740 3823 impedivit...
758 3772 809 3810 neu
822 3760 871 3812 hee
891 3758 1185 3821 tonussemitonium

96 3840 253 3903 deplorantis
267 3848 296 3892 et
310 3843 407 3898 anxii,
420 3839 491 3886 sicut
505 3836 597 3890 antes,
609 3830 665 3891 qne
674 3841 718 3878 oos
727 3827 888 3891 immaduit...
898 3831 935 3878 ait
944 3828 974 3877 li.
985 3828 1185 3891 thrym-tumus.

121 3911 222 3962 laudat
239 3920 377 3969 cursum,
390 3909 417 3954 et
428 3905 445 3953 a
458 3913 539 3952 eursu
552 3899 627 3947 deflet
641 3898 820 3957 cessationem,
830 3896 1052 3947 attiaeederetos.
