2512 4424
157 251 211 303 loa
335 249 519 304 SECUNDAE
537 247 738 302 EPISTOLAE
758 249 805 300 ΑΙ)
823 240 1060 302 CORINTHIOS

274 438 282 456 '
501 465 874 542 ciruroncruuu.

361 615 546 657 rhutenensis.
940 609 1052 650 uest.

157 727 236 834 Eoo
248 717 335 766 cutem
350 717 403 777 ipse
419 714 530 778 Paulus,
547 718 630 767 vester
648 715 752 779 dpcstc-
773 709 1213 842 t.InsaautemegoPauius,ob·

204 783 256 844 lus,
268 784 371 833 obsecro
381 797 426 832 ros
437 797 482 846 per
495 785 588 835 curtati
602 787 752 834 mansuetu·
838 804 917 844 spero
929 802 979 842 vos
997 802 1049 854 per
1060 793 1214 841 mansuetu-

156 848 492 912 ffinemassbffllsssliawmt
777 865 872 919 dinem
884 871 910 918 et
922 864 1090 917 modestiam
1102 862 1211 927 christi3

186 1021 246 1072 Gar.
258 1022 286 1072 X.
303 1028 325 1073 t.
338 1024 394 1086 lpse
405 1028 488 1072 cotem
499 1034 544 1083 epo
556 1021 687 1072 Paulus...

184 1091 215 1142 ln
226 1092 397 1154 superioribus
408 1090 532 1152 capitibus
543 1089 661 1151 loquens,
672 1088 764 1152 plurali
775 1100 883 1139 numero
893 1101 954 1138 usus
963 1091 1018 1149 est,
1029 1091 1091 1151 quia
1101 1102 1154 1141 nou
1162 1092 1213 1140 tam

155 1171 200 1220 se,
214 1161 291 1222 quam
302 1171 361 1210 sues
372 1158 478 1220 collegas
488 1192 496 1217 ,
508 1169 634 1220 suumque
644 1159 673 1209 in
681 1170 772 1220 genere
782 1157 956 1219 evangelicum
968 1160 1143 1210 ministerium
1152 1161 1213 1211 torn

155 1231 227 1279 risus
242 1233 280 1278 est
295 1247 302 1278 ε

185 1297 231 1348 llic
246 1301 333 1347 autem
349 1298 431 1347 tribus
445 1296 549 1346 vocibus
564 1296 734 1358 singularibus
749 1295 887 1347 exorditur.
900 1296 955 1359 lpse
968 1311 1012 1360 epo
1024 1297 1143 1358 Paulus,
1157 1299 1213 1361 quia

155 1379 229 1418 auam
245 1366 397 1428 singularem
410 1365 550 1427 apologiam
563 1369 651 1414 contra
664 1378 724 1416 suos
736 1365 840 1416 emulos
852 1365 951 1415 Judaeos
963 1366 1116 1427 aggreditur.

186 1435 246 1485 iiico
259 1434 372 1496 ludaeos,
383 1434 432 1484 hoc
442 1436 614 1496 enimpatet,
626 1445 656 1482 ex
667 1446 723 1494 cap.
738 1437 776 1494 tt,
790 1446 818 1483 n.
830 1433 1213 1493 2231udaeosautemaddhris-

155 1509 212 1554 tum
222 1516 356 1554 conversos
367 1541 375 1564 ,
385 1507 415 1553 ut
425 1508 494 1566 patet
509 1516 539 1553 ex
549 1504 626 1564 hujus
640 1505 729 1564 capitis
742 1515 769 1552 n.
781 1507 814 1564 7,
826 1504 870 1569 sed
881 1503 1055 1566 judaizantes,
1072 1519 1119 1556 seu
1137 1506 1213 1570 legem

155 1586 215 1622 cum
227 1573 363 1635 Evangelio
374 1576 567 1637 permiscentem
579 1576 604 1621 et
617 1571 673 1621 ideb
687 1570 795 1621 Paulum
810 1572 869 1621 odio
881 1570 1002 1633 singulari
1019 1580 1212 1639 prmpuentem

154 1643 215 1704 quia
232 1641 312 1704 legem
328 1654 373 1704 per
388 1641 552 1704 Evangelium
568 1642 713 1702 abrogatam
730 1641 842 1703 apertius
854 1643 1014 1704 praedicahat.
1213 1671 1218 1677 -

183 1712 276 1762 contra
294 1712 357 1762 tales
373 1711 495 1772 emulos,
514 1709 557 1761 hic
572 1724 646 1762 suem
661 1711 742 1761 elevat
754 1722 843 1761 rocem
860 1729 868 1760 ε
885 1713 942 1774 ipse
953 1725 998 1775 epo
1011 1712 1124 1764 Paulos.

182 1782 273 1844 Magna
284 1783 325 1833 his
337 1784 420 1833 verbis
435 1782 579 1844 emphasis,
592 1793 683 1842 magna
696 1782 804 1842 gravitas
820 1783 898 1842 inest,
917 1784 952 1830 ait
966 1783 995 1830 l).
1011 1781 1211 1846 chrysostomus.

182 1851 334 1914 Dignitatem
345 1855 559 1902 etauctoritatem
570 1850 686 1900 indicant
696 1851 750 1900 haec
758 1851 833 1900 rerba
844 1888 851 1911 ,
865 1852 901 1901 ait
911 1851 1115 1915 Theophylactus
1126 1873 1134 1915 3
1145 1854 1212 1904 hunc

154 1925 223 1973 enim
239 1935 291 1986 pra
302 1935 329 1973 sc
340 1922 425 1975 ierunt
437 1934 541 1974 sonsum
556 1939 563 1971 r
579 1921 685 1974 Obsecro
695 1935 740 1973 oos
752 1922 807 1984 ipsc
820 1934 864 1984 cpe
875 1921 993 1982 Paulus,
1007 1927 1136 1974 terrarum
1148 1925 1213 1975 crois

153 1991 253 2042 lioctor.

183 2059 384 2114 Humilitatemd
399 2065 487 2112 contra
500 2064 528 2111 in
541 2061 582 2111 his
598 2061 692 2110 eisdem
702 2062 785 2110 verbis
796 2063 897 2122 agnem
907 2061 936 2111 o.
949 2060 1074 2122 Thomas,
1085 2063 1131 2125 qui
1143 2063 1213 2127 putat

153 2127 302 2191 Apostolum
318 2129 404 2178 adsui
423 2132 534 2178 nominis
550 2129 726 2190 etymologiam
745 2129 864 2178 alludere.

184 2195 276 2244 Paulus
288 2200 375 2244 autem
388 2198 568 2258 interpretatur
579 2197 684 2244 humilis
696 2200 720 2244 et
730 2198 843 2256 quietus,
855 2199 891 2245 ait
901 2197 930 2246 l).
940 2197 1059 2247 Thomas.

127 2282 146 2306 ι·
183 2262 221 2312 Ad
232 2263 298 2324 quod
309 2263 424 2312 alludens
436 2263 586 2325 Apostolus,
600 2266 655 2325 ipre
670 2277 714 2325 epo
732 2265 848 2323 Paulus,
865 2265 891 2313 id
907 2269 961 2326 est,
975 2266 1035 2316 rere
1050 2267 1172 2329 Paulus,
1187 2269 1213 2320 td

154 2333 208 2390 est,
224 2332 283 2381 verb
298 2330 419 2391 humilis,
430 2344 523 2393 parvus
534 2336 559 2380 et
572 2334 712 2392 minimus,
726 2334 824 2383 obsecro
835 2348 888 2383 occ.

184 2399 292 2460 Uterque
304 2412 392 2450 sensus
405 2403 430 2448 at
440 2400 544 2448 Petrum
555 2399 715 2460 Graecorum,
726 2404 750 2448 et
763 2402 791 2449 li.
806 2402 909 2451 Thema
921 2412 996 2449 verus
1007 2403 1033 2450 et
1045 2405 1158 2464 optimus
1166 2408 1210 2455 est.

183 2465 327 2517 Graecorum
342 2468 460 2529 quidem;
478 2469 537 2528 quia
554 2469 640 2517 revera
661 2481 734 2517 suam
751 2469 795 2519 hic
816 2482 905 2518 rocem
920 2468 1054 2536 Apostolus
1073 2471 1168 2522 attollit
1185 2475 1212 2522 ln

151 2534 385 2598 pseudoapostolos,
403 2536 434 2585 de
447 2549 473 2586 se
485 2536 617 2598 magnifice
627 2539 763 2587 sentientes
775 2575 782 2599 ,
794 2537 901 2588 Paulum
914 2538 973 2587 verb
984 2540 1014 2586 ut
1028 2537 1127 2589 nullius
1138 2543 1212 2604 pretii

151 2602 298 2666 homiuem,
316 2605 382 2655 nihil
396 2608 450 2656 sani
470 2607 621 2667 docentem,
638 2607 807 2656 traducentes.

183 2672 282 2723 Talium
302 2678 388 2724 autern
405 2675 617 2725 calumniatorum
637 2676 780 2737 superbiam
797 2674 843 2724 sua
862 2673 965 2723 tandem
987 2678 1140 2728 auctoritate
1158 2678 1213 2730 vult

152 2753 326 2806 compescere,
342 2757 375 2794 ne
390 2758 437 2795 sua
449 2743 621 2808 vilipendatur
636 2745 798 2808 praedicatio,
815 2748 839 2793 et
849 2745 958 2806 proximi
969 2743 1038 2794 salus
1053 2746 1211 2811 destruatur,

151 2822 228 2872 quam
243 2813 384 2863 aditlcarit.
1112 2846 1115 2856 ·

180 2879 245 2931 ilinc
254 2895 313 2932 cum
322 2881 510 2944 emphasi,cum
517 2883 653 2932 acerbitate
661 2885 686 2931 et
692 2883 841 2931 auctoritate
849 2878 976 2941 loquitur:
987 2883 1043 2944 lpse
1050 2886 1212 2946 epoPcctuc.

181 2949 526 3011 u.lh0mevcro,qu1ade
539 2951 604 3000 iacto
618 2951 720 3012 Paulus,
735 2952 827 3001 Christi
841 2949 992 3000 humilitatis
1005 2958 1106 3003 amator
1117 2959 1142 3005 et
1155 2957 1213 3007 imi-

150 3020 232 3079 tator,
248 3021 325 3068 etiem
341 3018 404 3066 dum
418 3020 549 3078 minatur,
566 3019 677 3081 dumque
694 3023 809 3081 terrItat,
825 3031 898 3069 suam
914 3023 1044 3070 ostentans
1055 3025 1211 3086 potentiam,

150 3085 321 3136 humilitatem
335 3088 421 3136 tamen
434 3099 486 3148 praa
503 3099 530 3135 sc
549 3086 613 3148 iert;
631 3089 764 3138 obsecrans
778 3087 906 3149 loquitur,
923 3101 974 3137 non
990 3091 1136 3152 imperans,
1153 3096 1213 3154 quia

151 3154 270 3217 superbos
282 3153 337 3204 ruit
349 3154 458 3215 Christi,
474 3158 500 3204 et
518 3169 564 3204 suo
580 3158 692 3220 exemplo
708 3156 878 3207 humilitatem
896 3157 1003 3218 docere,
1025 3163 1050 3208 et
1066 3159 1213 3213 numinum

150 3222 303 3273 adsalutem
319 3222 454 3273 adducere.

180 3291 244 3343 ilinc
256 3290 316 3342 licet
326 3294 421 3349 minax,
435 3293 566 3343 humiliter
579 3298 664 3344 tamen
676 3295 797 3354 obsecrat,
811 3298 840 3344 ut
851 3296 866 3344 b
879 3294 946 3344 malo
959 3295 1099 3358 desistant,
1111 3299 1146 3349 cd
1156 3311 1212 3351 me-

110 3424 114 3430 ,
149 3360 239 3411 liorem
249 3367 361 3411 mentem
372 3361 488 3421 redeant,
503 3366 528 3411 et
540 3364 624 3424 ipsum
636 3363 668 3412 ad
683 3363 841 3425 puniendum
852 3377 904 3426 non
916 3370 1015 3424 cogant.

180 3429 361 3479 ductorItatem
375 3441 432 3490 ergo
445 3442 519 3479 suam
537 3430 630 3479 Paulus
646 3431 689 3480 laic
700 3431 855 3480 demonstrat
865 3433 994 3481 minarum
1007 3434 1212 3489 incontumaces

149 3502 323 3551 intentatione.

179 3566 353 3617 Humilitatem
364 3564 424 3615 verb
436 3578 508 3615 suam
519 3565 631 3626 exhibet,
643 3568 689 3617 sut
701 3570 813 3629 ipsorum
825 3568 1011 3630 obsecratione,
1025 3573 1051 3619 et
1061 3584 1108 3634 per
1116 3572 1210 3625 Christi

150 3634 370 3685 mansuetudinem
383 3633 568 3692 obsecratione,
580 3647 613 3682 ne
626 3635 658 3682 ad
668 3638 826 3696 punitionem
838 3639 936 3696 cogant.

180 3704 217 3754 lta
234 3705 347 3764 superior
366 3701 564 3760 ecclesiasticus,
584 3704 626 3762 qui
644 3716 706 3764 quos
724 3706 824 3764 arguit,
840 3703 895 3751 vult
910 3706 1050 3766 corrigere,
1066 3706 1208 3770 aedificare,

149 3771 261 3830 aurare,
280 3782 353 3818 suam
369 3782 467 3832 semper
477 3771 651 3819 auctoritatem
663 3771 805 3820 debetcum
823 3771 965 3819 humilitate
977 3776 1178 3836 contemperare.

150 3848 231 3967 llPer
248 3847 462 3962 monsuetudinem
477 3850 500 3896 et
513 3845 669 3896 modestiam.
680 3845 724 3897 Gr.
736 3844 861 3908 ὶπιίκειαν,
874 3847 1032 3907 comitatem,
1046 3846 1205 3910 facilitatem,

170 3918 283 3967 umanita
295 3927 344 3965 em.
