2512 4424
357 257 530 312 TBIPLEX
547 261 774 316 Exposirio.
793 264 873 317 GAP.
894 265 933 316 ii.
1120 266 1171 319 291

112 347 432 406 creetiiuchristotesu
606 355 1007 420 Noutcntumquiuprimrimab
1021 359 1173 420 ipsocreett,

577 424 620 473 sed
641 424 722 474 multb
742 426 822 486 magis
840 429 899 488 quta
917 428 950 477 ab
966 440 996 477 εο
1011 427 1174 489 spirltueliter

576 494 790 610 Eclcrrffltmsumus
811 496 840 545 in
859 495 1001 557 mommo,
1022 507 1066 557 per
1087 494 1174 546 Jesum

112 624 139 675 in
152 624 285 690 operibus
295 626 392 693 bouis,
404 641 467 694 quee
479 642 553 695 prae-
606 629 683 692 idque
693 626 726 680 ud
737 631 804 681 boue
815 634 841 681 et
851 635 938 682 sancto
947 643 1022 694 opera
1037 631 1174 681 exercenda

110 702 219 765 paravit
226 706 300 756 Deus
310 710 341 757 ut
353 705 381 757 iu
394 706 447 758 iitis
459 708 553 760 ombu-
575 713 631 761 <tue
644 700 709 750 Deus
718 702 879 763 preparavit,
888 705 915 750 ut
926 701 977 750 iltis
986 705 1174 765 perseveranter

109 780 240 833 iuremus.
576 782 731 820 recursurus.

137 976 194 1024 Nou
208 976 308 1026 tentum
321 979 459 1028 secundum
472 993 525 1030 esso
535 952 648 1042 nuture5
658 981 701 1031 sed
711 983 788 1031 etiam
802 982 943 1032 secuudum
954 994 1007 1032 cese
1017 985 1116 1044 matie,
1127 993 1173 1045 per

107 1057 187 1106 quem
201 1044 326 1094 eiiioimur
342 1059 406 1096 nora
418 1052 543 1098 ereetum.

106 1200 117 1244 t
140 1129 224 1177 Greots'
239 1129 267 1177 io
284 1129 380 1179 Obristo
393 1132 453 1180 Jeeu
465 1151 474 1180 .·
486 1134 699 1193 regenerationem
714 1131 790 1182 tacite
803 1132 943 1194 signiticut,
957 1135 993 1183 eit
1008 1132 1036 1182 11.
1049 1132 1173 1196 Chrysus·

118 1208 202 1245 ornus.

136 1264 302 1325 cheucretio
314 1269 352 1315 est
361 1277 421 1317 veru
432 1269 525 1318 creatio
535 1305 542 1328 ‚
552 1271 588 1318 cit
599 1269 666 1319 idem
677 1269 966 1331 Peter3quiutonc1uum
979 1281 1045 1320 novo
1056 1271 1172 1319 creature

106 1346 138 1383 cx
149 1333 231 1383 nihilo
242 1333 358 1396 producti
371 1348 459 1385 sumus
468 1373 474 1397 ‚
484 1337 517 1386 ud
530 1336 579 1387 hoc
590 1341 619 1387 ut
634 1350 745 1388 essemus
759 1356 766 1388 ε
780 1338 849 1400 quod
862 1350 963 1388 eramus
976 1338 1047 1400 priris
1057 1376 1064 1398 ,
1076 1339 1172 1386 mortui

106 1416 212 1463 sumus,
226 1403 338 1464 houset,
354 1409 427 1454 vetus
437 1406 514 1456 homo
527 1425 533 1456 ι
546 1407 613 1469 quod
624 1408 695 1470 priris
706 1421 757 1457 nou
770 1420 886 1465 cremus.
899 1407 955 1458 iacti
966 1420 1055 1457 sumus
1065 1427 1072 1468 ;
1084 1418 1172 1456 recens

105 1476 145 1522 est
160 1485 220 1534 ergo
231 1476 363 1532 creature.
376 1479 401 1523 et
411 1475 461 1524 alit
472 1476 561 1526 melior
570 1480 595 1527 ot
603 1479 762 1539 prestantior
772 1497 778 1527 ι
789 1491 850 1527 uum
861 1489 891 1526 ex
901 1476 959 1536 iiia,
972 1481 1001 1526 ut
1011 1479 1170 1536 viveremus;

105 1553 138 1590 ex
148 1540 198 1590 huc
209 1544 296 1590 autem
310 1545 338 1590 ut
350 1541 415 1592 bene
431 1545 574 1594 viveremus
584 1549 703 1606 occessit,
715 1547 743 1596 io
755 1546 873 1609 operibus
888 1545 987 1596 boob...

135 1609 200 1658 Noto
219 1611 306 1657 umen
316 1609 384 1671 prod
399 1611 546 1671 justificatio
564 1614 635 1676 impii
651 1614 749 1665 dicutur
761 1615 867 1671 creatio.
879 1626 930 1663 uon
946 1615 1065 1677 physice,
1077 1625 1130 1663 non
1142 1612 1171 1662 sst

105 1679 177 1726 cuim
188 1687 220 1725 ex
232 1675 313 1725 nihilo
324 1697 331 1737 ;
343 1677 386 1726 sed
397 1679 500 1728 moratis
510 1715 516 1740 ‚
528 1682 588 1741 quia
604 1678 674 1729 nullo
689 1682 761 1744 impii
779 1682 869 1729 merito
885 1685 930 1729 aut
945 1693 1036 1743 opere,
1049 1683 1172 1742 contingit

104 1744 159 1862 gig?
173 1745 219 1795 sed
229 1748 282 1794 totu
295 1746 415 1796 tribuitur
431 1748 522 1797 merito
541 1748 650 1808 Christi,
667 1751 733 1798 sicut
747 1751 840 1799 creatio
851 1749 971 1799 tribuitur
983 1749 1171 1811 omnipotentio

134 1881 202 1932 iiiuc
219 1882 298 1931 crecti
313 1883 342 1931 io
362 1883 458 1933 corusco
479 1885 553 1943 Jcsu,
567 1883 659 1946 idest,
676 1898 721 1948 per
736 1887 855 1934 meritum
872 1883 981 1946 Christi,
993 1885 1007 1934 1
1021 1897 1071 1947 quc
1083 1889 1171 1936 menet

102 1950 229 2013 quidquid
239 1950 306 2000 iieus
316 1952 389 2002 nobis
401 1952 497 2002 confert
512 1954 605 2014 gratie.
984 1985 987 1991 -

134 2034 166 2081 iu
180 2032 251 2081 boote
262 2032 390 2094 operibus.
404 2034 460 2096 Syr.
472 2033 505 2082 ad
517 2045 592 2096 opere
608 2034 651 2085 iiia
662 2035 738 2086 bona.
750 2033 824 2084 Arab.
837 2035 870 2084 ed
880 2047 955 2097 opera
967 2035 1043 2086 hona.
1057 2034 1167 2100 AEthiop.

101 2101 134 2151 ud
148 2113 213 2162 opus
225 2100 330 2152 bouum.
1065 2130 1073 2135 ··

132 2184 177 2233 Gr.
188 2182 228 2230 iot
240 2182 312 2243 ἔργοις
323 2181 432 2243 ἄναθοῖς,
445 2185 576 2237 Cornelius
595 2186 610 2235 b
627 2186 733 2248 Lepide,
755 2186 856 2237 Grotius
871 2185 958 2237 multis
973 2185 1030 2237 eliis
1049 2186 1169 2250 exemptis

102 2251 241 2303 ostendunt
254 2253 291 2300 ior
303 2266 363 2303 cum
374 2253 458 2303 dativo
472 2255 537 2316 supe
548 2254 702 2316 significare,
713 2257 756 2305 ud.

132 2324 256 2372 Erasmus
267 2325 344 2373 etium
356 2343 363 2372 r
376 2324 408 2373 ad
423 2336 498 2387 opero
508 2325 584 2375 bona.

132 2391 247 2441 Recreeti
262 2403 319 2452 ergo
333 2396 358 2440 et
371 2396 507 2452 regenerati
520 2405 608 2442 sumus
618 2391 651 2442 ud
666 2404 741 2455 opera
751 2393 816 2442 bonu
829 2391 952 2444 iaciendo.

130 2459 166 2508 iit
182 2461 275 2510 merito
286 2461 336 2510 hoc
350 2460 420 2511 addit
434 2461 581 2524 Apostolum
598 2464 658 2523 quie
672 2464 741 2511 cuim
759 2462 875 2524 superius
886 2462 968 2512 diuite
985 2463 1169 2514 Grotirsctocte'

101 2530 160 2578 cotie
174 2542 223 2592 per
235 2530 324 2593 fidem,
338 2544 388 2580 ooo
401 2544 430 2580 eo
443 2532 589 2594 operibus...
605 2544 637 2580 ne
648 2535 720 2592 putet
732 2533 789 2594 quis
805 2543 879 2593 opera
895 2529 971 2580 iidem
983 2533 1112 2591 sequentia
1126 2543 1169 2581 ex-

101 2597 189 2659 cludi,
205 2599 292 2659 addit,
306 2605 363 2661 post
374 2605 504 2663 acceptum
520 2600 611 2661 tidem,
626 2613 689 2663 opus
708 2611 760 2650 esse
778 2600 851 2649 bonis
864 2599 980 2662 operibus
989 2619 996 2660 ς
1012 2601 1120 2661 quippe,
1135 2599 1169 2647 ad

99 2681 156 2728 qum
168 2671 248 2717 creati
260 2682 304 2717 scu
317 2672 454 2730 regenerati
467 2683 564 2719 sumus.
606 2677 609 2681 ·

130 2737 203 2786 Sicut
212 2748 269 2797 ergo
280 2737 345 2786 Deris
354 2751 384 2786 ex
394 2737 450 2787 rudi
466 2743 491 2786 ct
500 2739 621 2800 indigesta
629 2735 696 2787 molo
708 2741 802 2786 terrum
815 2735 889 2795 iecit,
899 2738 928 2785 ut
941 2734 1024 2795 fruges
1035 2738 1060 2783 ct
1071 2733 1169 2784 tructus

99 2805 185 2855 terete
201 2807 237 2854 ito
252 2817 297 2854 uos
312 2819 342 2856 ex
356 2807 500 2856 hominibus
517 2809 544 2857 iu
558 2807 654 2857 Adumo
670 2808 808 2868 corruptis,
821 2818 851 2855 er
866 2804 924 2854 titiis
940 2806 998 2863 iem,
1015 2802 1074 2851 iecit
1089 2814 1168 2851 novos

98 2873 234 2934 homiues,
245 2872 310 2923 tilios
322 2874 366 2924 Dei
377 2912 384 2936 ,
397 2879 425 2924 ut
440 2875 505 2925 beub
516 2880 541 2926 et
551 2876 637 2926 sancte
645 2877 797 2925 viveremus.

132 2956 196 3015 Quo
204 2957 361 3019 preparavit
370 2957 454 3015 Deus,
466 2957 498 3006 ab
509 2963 603 3007 eterno
614 2958 733 3020 quidem,
746 2955 903 3006 decernendo
916 2959 944 3004 ut
956 2966 1000 3016 per
1013 2963 1089 3013 opero
1102 2950 1168 3000 bono

98 3023 271 3085 salvaremur,
285 3029 311 3076 et
326 3027 403 3075 etiem
413 3025 571 3076 decernendo
582 3029 654 3077 nobis
669 3029 761 3089 gratias
772 3025 831 3074 dare
844 3025 996 3075 necessarius
1005 3027 1031 3071 et
1047 3019 1121 3070 utiles
1136 3020 1169 3069 ud

99 3092 142 3142 uia
156 3092 290 3154 iacienda;
493 3088 500 3107 ⁴
991 3122 994 3127 -
1159 3143 1161 3147 .

127 3161 284 3224 intempore
296 3164 382 3212 eutem
396 3163 757 3226 properauit,praescribeucio
768 3162 870 3212 modum
883 3161 947 3210 bene
960 3157 1049 3219 egendi
1062 3175 1069 3206 z
1082 3155 1169 3205 docuit

98 3234 168 3280 enim
182 3244 229 3294 per
243 3231 322 3293 legem
336 3236 362 3281 et
375 3246 419 3295 per
432 3233 596 3294 evangelium
614 3234 676 3296 quid
696 3238 721 3282 et
735 3233 860 3294 quomodo
876 3230 1003 3292 agendum
1020 3246 1026 3276 ε
1045 3231 1169 3288 preparat

97 3302 175 3350 etiem
192 3299 398 3362 diadematus,
415 3303 577 3364 inspirando,
594 3303 741 3362 excitando,
759 3299 915 3359 roborando,
928 3297 1062 3346 nobiscum
1078 3307 1169 3357 coope-

99 3370 188 3418 raudo.

129 3438 205 3488 viam
223 3438 306 3499 primo
319 3438 444 3500 ostendit,
458 3437 550 3488 deinde
563 3438 596 3489 ud
613 3436 796 3488 ambulandum
811 3439 881 3486 intus
898 3433 1022 3497 impellit,
1039 3435 1064 3483 et
1078 3431 1167 3482 ambu-

98 3505 178 3554 tantes
190 3505 240 3552 tert
253 3511 278 3552 et
290 3508 406 3554 sustinet.

128 3579 439 3629 Utioittecombutemus.
1146 3639 1151 3650 .

124 3646 185 3695 iiaec
205 3644 300 3694 locutio
319 3651 389 3695 notat
407 3647 492 3709 aperte
508 3645 574 3708 quoi
590 3647 656 3714 bonu
676 3658 750 3708 opera
771 3648 823 3694 sint
838 3648 878 3695 viu
895 3645 929 3694 ud
950 3643 1056 3698 coelum,
1071 3651 1115 3688 seu
1128 3650 1169 3686 vm

97 3727 174 3774 uptam
188 3715 256 3764 Deus
269 3718 433 3777 preparavit,
447 3722 474 3765 ut
486 3729 529 3778 per
545 3729 601 3765 eum
617 3716 649 3764 ad
661 3716 768 3764 sulutem
777 3715 922 3764 tendamus.

124 3784 179 3833 Hoc
194 3783 320 3843 verbum,
335 3785 508 3841 ambutemus,
520 3797 564 3833 scu
579 3789 608 3833 ut
619 3789 656 3833 est
671 3785 698 3832 lu
712 3783 797 3834 Graeco
814 3779 1082 3833 circumambirent,
1100 3775 1169 3820 ¹¹⁰&st

96 3855 173 3901 etiam
192 3853 222 3900 in
237 3850 311 3900 bouis
331 3852 447 3912 operibus
466 3864 519 3901 esse
537 3853 764 3915 perseverandum,
782 3862 908 3911 cmucquo
927 3849 1024 3896 bonurn
1039 3852 1101 3902 opus
1117 3848 1169 3883 esse

96 3920 262 3982 iaciendum,
279 3932 332 3969 non
348 3933 429 3970 uuum
444 3926 489 3971 aut
501 3921 622 3978 atterum,
641 3921 684 3971 sed
699 3922 785 3971 omnia
801 3921 868 3970 bona
884 3928 975 3979 operm
990 3922 1048 3960 non.
1059 3917 1110 3955 uuo
1124 3907 1170 3952 aut
