2512 4424
164 263 220 316 too
465 263 663 317 EPISTOLAE
681 266 731 317 AD
748 263 929 318 GALATAS

195 355 249 406 Hoc
263 355 304 405 lex
319 357 374 419 ipsa
392 356 482 418 docet,
502 358 534 408 ad
552 358 682 409 Christum
693 397 700 420 ,
713 361 784 421 quasi
801 360 833 408 ad
846 371 952 422 scopum
962 369 1040 409 auum
1055 354 1188 409 collimaua
1201 359 1226 409 ot

165 439 246 476 manu
259 426 364 476 ducena.

194 493 248 544 noc
259 493 326 544 Deus
337 495 390 556 ipse
402 532 409 555 ,
422 493 483 556 legis
502 500 608 558 auctor,
625 495 784 547 confirmarit
798 509 843 559 per
853 496 951 548 intuita
963 495 1092 561 prodigia,
1103 496 1133 546 in
1148 497 1225 560 huius

165 565 278 613 ueritatis
296 566 469 614 testimonium
487 566 595 628 patrata.

196 631 334 682 videantur
347 634 441 682 motiva
459 633 633 684 credibilitatia
645 632 789 684 christianae
805 633 875 685 fidei.

195 701 337 752 Christiano
350 703 435 764 itaque
450 704 477 752 iu
492 703 622 753 Christum
638 702 750 754 medenti
767 709 793 754 et
807 705 839 754 ab
855 716 885 754 eo
902 702 1010 754 salutem
1021 704 1152 766 speranti,
1164 701 1223 753 nihii

164 770 323 832 timendum,
337 774 430 835 quippe
440 771 506 822 Deus
516 776 569 836 ipse
584 777 677 823 nostru
694 772 782 823 salutis
799 779 837 824 mi
847 787 892 824 ras
907 777 933 822 et
947 785 1072 836 sponsor,
1089 774 1134 822 cui
1145 773 1173 821 iu
1183 771 1221 821 die

163 839 252 902 iudicii
266 839 421 890 confidenter
432 853 492 890 cum
502 841 628 892 Richardo
638 841 654 891 a
664 841 757 892 Sancto
769 841 869 892 Victore
884 844 1024 905 poterimus
1037 840 1144 890 dicerer

195 909 241 958 Tot
254 912 279 959 et
288 911 367 959 tantis
378 911 470 972 siguis,
485 915 510 960 et
518 914 572 961 tam
583 913 656 960 miris
666 911 800 973 prodigiis,
812 923 869 973 que
887 912 990 961 uouutsi
1002 922 1048 973 per
1058 914 1085 960 te
1099 909 1156 960 fleri
1170 921 1223 973 poe

163 984 240 1041 aunt,
251 979 406 1030 confirmasti
417 980 559 1032 doctrinam
575 985 662 1042 tuam,
674 981 786 1032 utuobis
800 982 944 1032 timendum
961 993 1014 1030 uou
1026 983 1062 1031 sit
1076 982 1106 1031 iu
1126 979 1168 1029 (lia
1181 982 1223 1041 ju·

164 1049 224 1100 dicti
239 1069 245 1099 ε
264 1062 350 1100 uouue
367 1052 437 1099 euiru
452 1063 511 1100 cum
524 1053 595 1101 omui
607 1049 701 1101 fiducia
716 1051 766 1102 Deo
778 1051 863 1103 dicere
881 1052 1040 1115 poterimus:
1057 1049 1184 1109 Domine,
1201 1048 1220 1097 et

164 1131 235 1171 error
245 1125 299 1182 esi,
310 1120 326 1169 t
338 1124 365 1170 te
379 1122 433 1183 ipso
444 1120 541 1184 decepti
555 1135 653 1173 sumus.

194 1201 302 1265 Qururo.
312 1229 345 1240 -
354 1202 450 1253 Ibidem
460 1202 620 1256 Christianus
630 1217 662 1256 ex
671 1203 786 1254 retribue
796 1207 825 1254 iti
836 1206 863 1254 et
873 1205 914 1254 tt).
924 1202 1006 1253 ducat
1015 1201 1086 1264 quod
1095 1200 1219 1260 Christus,

163 1274 302 1336 praesertim
315 1274 343 1321 iu
359 1284 433 1322 cruoe
444 1273 570 1335 pendeus,
589 1275 622 1323 aii
636 1272 726 1323 salutis
736 1277 843 1334 auctor3
862 1273 922 1333 quta
940 1272 975 1321 ibi
990 1272 1099 1322 victima
1110 1272 1219 1334 peccato-

163 1354 223 1391 rum
239 1346 384 1391 nostrorum
394 1343 569 1403 purgationem
582 1341 678 1392 tacteus
693 1342 721 1391 iu
736 1343 858 1403 sauguine
875 1353 933 1392 suo.

194 1411 318 1460 Ponderet
328 1411 412 1472 itaque
430 1409 496 1460 dicta
512 1424 540 1460 u.
552 1414 598 1471 20,
610 1411 655 1473 qui
671 1410 758 1461 dilevit
769 1424 825 1471 ore,
838 1411 896 1472 quia
906 1409 1014 1459 dilexit?
1024 1421 1104 1472 quem
1120 1406 1218 1459 meriti

195 1488 227 1535 Et
243 1485 348 1534 tradidit
360 1485 519 1546 semetipsum
529 1499 577 1548 pro
595 1499 643 1535 me.
658 1485 792 1547 singulum
803 1497 931 1547 quemque
940 1486 995 1548 pari
1007 1485 1141 1537 eharitatis
1149 1480 1215 1533 uoto

163 1554 245 1616 diligit
257 1566 307 1616 quo
318 1554 400 1616 diligit
412 1554 498 1604 orbem
509 1557 665 1604 universum.
677 1554 739 1604 Vide
752 1555 974 1605 commeantium.

195 1637 287 1687 Sumo.
297 1663 331 1674 -
344 1637 441 1687 ibidem
453 1641 479 1686 et
490 1637 650 1687 Christianus
663 1636 744 1687 dieat
760 1637 866 1687 modum
882 1649 934 1698 quo
949 1636 995 1686 ssat
1013 1635 1094 1697 huius
1112 1635 1213 1686 metuo

154 1707 282 1759 -aalutaria
291 1711 431 1772 particeps,
447 1707 539 1771 nempe
552 1709 575 1756 ai
588 1708 640 1757 out
651 1721 712 1758 cum
723 1707 823 1758 Christo
837 1706 1002 1769 crucifigaris.

193 1777 295 1838 Primo,
311 1791 355 1840 per
372 1778 530 1840 Baptismum
543 1777 660 1839 quidem,
674 1788 725 1838 quo
740 1776 870 1826 credentes
883 1776 950 1825 tiuut
960 1776 1107 1825 membrum
1117 1773 1210 1830 curm,

163 1851 191 1898 et
200 1861 284 1897 uuum
297 1861 359 1898 cum
369 1847 414 1898 illo
423 1860 529 1910 corpus,
540 1847 659 1908 illiusque
669 1846 765 1909 Spiritu
774 1845 967 1896 uncuucautur
981 1850 1009 1895 et
1021 1847 1175 1895 auiumutur.

193 1917 325 1980 Seeuudm
347 1930 393 1981 per
410 1921 599 1967 sacramentum
619 1918 697 1966 etiam
712 1916 882 1977 Paenitentia,
906 1929 957 1978 quo
973 1915 1061 1965 Meles
1082 1916 1111 1965 iu
1129 1910 1208 1964 Christi

163 1989 287 2050 sauguine
298 1987 416 2037 lavantur
426 1987 442 2035 a
454 1988 565 2048 peccatis
575 1989 632 2048 post
642 1985 800 2048 Bapiiamum
813 1987 964 2034 commissis.

193 2057 292 2116 Tertio,
312 2069 357 2118 per
371 2054 515 2116 trequentes
527 2059 601 2104 actus
612 2053 685 2114 tidei,
701 2067 745 2116 per
760 2053 911 2103 charitatem
926 2054 1070 2116 operantia,
1085 2051 1135 2114 qut
1147 2055 1173 2099 to
1189 2052 1207 2098 te

163 2124 264 2174 Christo
274 2136 321 2185 pro
335 2127 361 2172 te
375 2125 482 2185 patienti
498 2125 609 2182 uniaris,
626 2124 801 2185 compatiaris,
819 2121 892 2171 illum
908 2126 937 2171 tu
954 2122 1001 2170 tihi
1019 2123 1149 2183 proprium
1162 2116 1206 2166 rct-

164 2193 222 2253 das,
239 2194 368 2255 ipsiusque
380 2196 489 2242 mortem
504 2191 581 2241 facias
596 2196 681 2252 tuam,
695 2204 772 2253 quam
785 2191 861 2241 corde
874 2193 983 2241 contrito
994 2203 1040 2252 pro
1051 2191 1103 2239 tulo
1115 2186 1205 2252 peccatis

164 2263 344 2393 0πὲἓῖῑῇ
355 2329 434 2378 Deua!
456 2329 484 2376 iu
505 2326 597 2376 taciem
607 2326 701 2376 Christi
713 2329 769 2388 tui,
785 2341 831 2391 pro
842 2340 885 2376 me
898 2327 1018 2389 patieutis
1029 2363 1036 2387 ,
1050 2339 1097 2389 pro
1108 2337 1149 2374 me
1162 2333 1203 2371 mo·

164 2403 267 2460 rieutis,
281 2413 327 2462 pro
341 2412 384 2450 ure
401 2402 429 2449 iu
444 2409 533 2457 cruce,
549 2409 610 2446 cum
623 2395 742 2458 iacrymis
754 2402 780 2446 et
790 2397 901 2446 clamore
911 2395 995 2445 ualido
1006 2391 1203 2459 deprecantium
1253 2421 1256 2430 «

163 2475 266 2534 propter
279 2470 349 2519 huuc
363 2469 537 2530 unigenitum,
546 2465 717 2526 dilectumque
725 2465 818 2515 Filium
827 2469 912 2525 tuum,
922 2464 1117 2527 Redemptorem
1125 2469 1202 2514 meum,

163 2552 240 2608 parce
249 2541 391 2590 miserrimo
401 2537 544 2603 peccatori,
557 2538 717 2598 enumerata
729 2535 849 2596 defleuu,
861 2534 1014 2595 detestanti,
1026 2531 1146 2584 horreuu.
