2512 4424
341 246 510 300 TRIPLEX
528 249 753 307 sxrosl‘llo.
773 253 853 306 CAP.
874 255 924 306 vl.
1125 259 1161 308 ati

105 339 132 390 tit
145 352 202 391 non
223 339 395 408 vituperetur
412 343 539 399 ministe·
594 347 629 397 ite
643 346 723 398 utiam
743 349 885 400 ministerio
905 353 991 399 nostro
1010 352 1160 400 suscitemus

104 415 320 472 riumnostrum
562 416 726 467 calumniam.

132 495 159 546 t.
170 495 245 548 Sed
237 510 267 548 ιιι
276 497 406 551 omuibus
414 499 540 553 exhibea
593 498 641 548 Sed
654 499 756 561 potiris,
770 503 800 550 ut
813 502 840 550 in
855 503 943 562 quasis
954 513 981 550 re
998 500 1159 550 exhibeamus

102 581 159 621 mus
176 572 367 638 nosmetipsos
390 575 462 629 sicui
489 576 538 628 nei
562 580 608 617 nos
628 567 707 627 tales,
728 567 814 628 quales
834 580 880 630 par
906 572 943 617 est
967 568 1011 616 bei
1030 570 1160 618 ministros

102 647 258 713 ministros
275 650 304 702 jn
326 652 412 705 mulia
433 654 569 720 palegu,
562 650 628 697 esse,
641 637 751 687 muitum
764 639 900 699 patientes,
916 640 944 686 in
961 637 1158 698 afflictionum,

103 726 146 790 ria
160 727 191 779 in
203 689 457 796 irifiulaimnibus·
449 746 479 785 m
490 745 540 786 ne,
563 709 590 757 in
601 706 807 767 necessitatibus,
821 708 849 756 in
860 708 1044 767 anxietatibus,

102 806 291 868 comitalibus,
303 807 332 861 iu
344 811 488 877 angustiis.

130 887 157 937 5.
166 889 199 937 in
211 885 333 952 plagis,
325 901 354 939 ιιι
363 889 537 953 carceribus
593 889 622 939 in
639 887 719 952 plagis
734 886 860 948 terendis,
871 887 898 935 ln
912 888 1071 947 sasserlum,
1082 890 1156 937 inse·

101 961 124 1012 in
137 961 356 1027 seditionibuss
348 977 377 1014 in
386 963 537 1032 laboribus
562 956 699 1006 ditionibus
719 955 873 1015 tolerandis,
890 957 917 1004 in
940 954 1064 1005 laboribus
1079 959 1154 1006 susti-

101 1035 257 1104 invigiliis,
269 1037 432 1106 injejuniis
562 1026 668 1087 nendis,
680 1025 826 1088 invigiliis,
842 1025 990 1084 iniciuniis.

124 1214 248 1263 Norasne
268 1225 302 1263 ιιι
321 1227 545 1265 rurncssosurus.
550 1217 624 1265 -Ad
637 1216 770 1266 clariorem
785 1215 877 1267 horum
891 1219 916 1266 et
927 1218 1087 1277 sequentium
1099 1228 1156 1265 ver

101 1295 171 1332 snum
185 1281 391 1345 intelligentiam,

124 1351 188 1403 Nota
200 1350 269 1419 quod
280 1352 312 1400 ab
324 1351 372 1402 hoc
388 1355 463 1402 tortio
475 1352 600 1403 versiculo
612 1365 691 1414 usque
701 1353 733 1402 ad
747 1353 911 1403 undecimum
924 1352 1043 1402 describit
1051 1353 1156 1415 Aposto-

101 1419 134 1470 im
143 1412 256 1482 qualiter
266 1422 320 1484 ipse
337 1423 362 1469 ei
372 1423 427 1482 eim
439 1421 538 1482 collega
553 1433 599 1471 sno
610 1421 683 1483 legati
697 1434 803 1473 munere
817 1422 971 1485 iungantur,
983 1423 1033 1484 qud
1046 1425 1121 1472 uita
1114 1437 1155 1472 ιιι-

101 1491 531 1553 tegritate,quoexemp10quanti
546 1491 680 1554 pauentia,
694 1496 742 1542 ets.

124 1559 215 1608 Vivam
234 1571 292 1622 crgo
312 1560 385 1609 nobis
401 1560 444 1609 dat
463 1563 600 1624 imaginem
621 1561 748 1612 vitavere
764 1559 922 1626 apostolica,
934 1561 1017 1612 etbtic
1030 1573 1082 1612 sua
1099 1564 1155 1610 vita
1196 1588 1199 1593 >

100 1631 205 1691 imagine
215 1629 266 1677 tria
278 1629 355 1678 simui
366 1632 477 1692 praelat.

123 1696 227 1757 Prlmd,
240 1710 267 1746 se
290 1710 398 1759 suosque
418 1697 525 1759 collegas
539 1697 616 1761 taciti
633 1697 720 1749 laudat
736 1703 762 1748 ct
778 1698 890 1749 defendit
906 1703 994 1751 contra
1014 1699 1155 1750 calumnias

99 1765 372 1828 pseudoapostolorum.

124 1833 242 1884 Secunda
249 1870 256 1893 ,
263 1834 355 1883 horum
364 1834 510 1897 mollitiem,
519 1840 544 1886 at
554 1835 604 1886 aila
615 1838 691 1896 sitia,
700 1836 875 1900 Apostolorum
886 1838 1022 1887 virtutibus
1032 1839 1155 1900 opposita,

99 1903 169 1952 tacite
180 1906 203 1952 et
219 1902 342 1952 indirecte
357 1907 438 1952 notat.

125 1971 224 2031 testib,
239 1983 328 2021 omnes
339 1971 443 2032 quidem
460 1971 562 2033 iideies,
576 1977 603 2022 at
618 1976 755 2035 pracsertim
779 1985 867 2024 omnes
884 1973 1013 2035 Evangelii
1027 1984 1156 2036 precones

101 2040 211 2090 bortatur
222 2039 255 2090 ad
266 2041 306 2089 sul
318 2042 343 2088 ci
352 2040 385 2090 ad
398 2054 502 2091 suornm
519 2044 645 2092 sociorum
657 2044 833 2092 imitationem.
927 2052 932 2059 ’

123 2110 201 2160 Docet
210 2121 269 2172 ergo
281 2121 368 2160 omnes
376 2109 505 2172 Evangelii
515 2113 644 2161 ministros
656 2112 776 2174 modum,
786 2124 836 2174 qno
844 2125 920 2169 suum
928 2111 1034 2162 debeant
1045 2111 1154 2162 odicium

99 2191 227 2309 ΙΧθῗιξὶςῗιιῐιξθ,
241 2251 293 2300 vita
303 2251 426 2312 preconis
436 2249 580 2312 Evangeiicl
591 2253 625 2302 sit
638 2253 666 2302 ln
677 2252 795 2303 omnibus
807 2250 1046 2316 irreprebcmiblils,
1057 2249 1154 2300 nuliam

101 2323 122 2370 in
134 2320 187 2371 uilo
199 2319 243 2370 det
256 2319 421 2369 offensionem
431 2357 439 2381 ,
449 2333 480 2370 us
493 2322 649 2384 vituperetur
659 2324 834 2374 ministerium.

125 2418 149 2466 l.
164 2416 215 2467 Sed
229 2414 259 2464 iu
278 2414 407 2474 omuibus,
422 2413 449 2464 id
462 2417 512 2476 est,
524 2415 568 2466 sed
579 2416 663 2479 potiris
675 2418 702 2466 in
714 2418 803 2478 quavis
815 2428 852 2466 re.

124 2498 306 2551 distribuamus.
327 2496 369 2547 Gr.
390 2496 551 2557 exhibentes,
571 2495 613 2545 vel
625 2497 845 2557 commendantes,
858 2498 1018 2560 nosmetipsos
1030 2498 1096 2547 sicut
1108 2499 1154 2547 Dei

100 2571 254 2619 ministros...
266 2567 293 2616 id
305 2570 359 2627 est,
369 2565 432 2617 tales
455 2565 542 2628 quales
553 2566 625 2616 decet
636 2579 689 2616 csse
700 2567 745 2616 liei
758 2568 896 2617 ministros.

124 2637 257 2698 Secundo,
274 2637 390 2686 omnium
406 2638 531 2686 virtutum
547 2639 580 2686 sit
597 2636 731 2698 exemplar.

124 2717 154 2764 ia
170 2713 256 2763 multa
268 2710 407 2774 patientia,
419 2723 472 2760 non
492 2713 582 2772 unius,
594 2714 639 2760 aut
654 2710 772 2771 alterius,
791 2711 834 2761 sed
848 2713 875 2761 in
889 2710 968 2760 muita
986 2711 1154 2773 plurimorum

98 2783 222 2834 malorum
240 2783 372 2844 patientia.

123 2855 254 2905 Bonorum
265 2853 381 2901 omnium
393 2848 587 2900 tundamentum
596 2852 624 2900 ln
634 2851 756 2911 patientia
764 2851 861 2912 posuit,
871 2851 907 2899 ait
915 2849 944 2899 iis
952 2848 1152 2912 chrysostomus.

124 2921 274 2986 Apmtoiims
287 2921 426 2982 prasertim
437 2921 496 2967 ritu
510 2918 704 2968 tundamentum
714 2954 721 2978 ,
733 2919 864 2980 patientia.

124 2991 226 3050 Tanto,
239 2991 292 3039 sint
306 2987 417 3037 muitum
427 2990 559 3051 patientes.

124 3069 153 3116 iu
169 3063 388 3115 tribulationibus.

123 3134 195 3196 Quod
211 3136 239 3182 in
255 3143 345 3194 genere
363 3131 442 3192 dixit,
452 3133 481 3182 iu
495 3131 577 3182 muta
591 3133 732 3195 patientia,
746 3145 815 3182 nnnc
832 3135 933 3195 exponit
947 3134 973 3180 in
988 3134 1084 3194 specio,
1098 3145 1152 3192 sen,

96 3202 160 3253 maia
171 3215 229 3264 qum
244 3200 335 3250 tolerat
346 3201 373 3249 in
387 3212 478 3250 novem
490 3200 580 3250 classes
596 3199 759 3260 distribuit,
748 3215 775 3248 su
786 3201 1008 3258 tribulationibus,
1021 3215 1065 3250 seu
1082 3215 1153 3264 pras-

95 3276 159 3323 suris
169 3270 333 3333 vulgaribus
345 3284 373 3318 su
384 3270 583 3328 accusatoribus
598 3271 729 3332 gravibus,
741 3269 902 3330 urgentibus,
917 3284 946 3318 us
957 3272 1093 3332 autgarius
1103 3271 1153 3353 dli-

95 3342 228 3401 ttciiiimis,
245 3352 291 3389 sen
307 3340 469 3400 gravissimis.

123 3433 147 3480 5.
159 3431 190 3480 iu
203 3428 307 3491 plagis,
317 3427 462 3477 verberibus
477 3439 521 3490 per
532 3428 644 3490 ilageiia,
655 3440 700 3489 per
710 3426 819 3490 lapides,
831 3427 861 3476 de
876 3426 968 3488 quibus
980 3440 1035 3490 sap.
1053 3432 1091 3478 11.

124 3504 289 3558 Carceribus,
305 3501 424 3561 vincula,
439 3501 573 3562 custodiae,
590 3502 638 3552 loci
654 3502 779 3551 tenebrosi
792 3505 817 3551 et
834 3501 956 3551 toetentes.

122 3578 154 3628 ia
166 3575 351 3632 seditionibus,
363 3587 408 3625 sen
422 3575 574 3625 tumultibus
588 3575 739 3637 populorum
758 3577 785 3624 in
804 3587 866 3634 nos,
877 3574 907 3624 b.
920 3573 1112 3636 Chrysostomm
1126 3580 1152 3626 ir.

95 3645 318 3703 instabilitatibus,
331 3645 367 3693 sic
380 3645 509 3706 exagitati,
525 3647 554 3693 ut
569 3642 658 3691 nullibi
670 3641 822 3692 consistendi
839 3644 872 3692 sit
887 3643 960 3691 nobis
974 3645 1091 3704 potestas.

123 3722 154 3771 Iu
171 3719 320 3774 laboribus,
339 3715 448 3778 intelligo
462 3717 575 3776 iabores,
593 3728 656 3776 quos
670 3716 721 3766 huc
743 3719 769 3764 et
783 3715 843 3766 illuc
861 3715 989 3778 Evangelii
1005 3717 1079 3765 causi
1095 3731 1153 3765 cur—

93 3791 171 3840 sando
182 3788 323 3845 sustinuit3
337 3790 362 3834 et
377 3797 418 3835 eos
431 3781 543 3846 labores,
558 3797 620 3846 qnos
634 3782 666 3833 ad
682 3786 776 3835 victum
793 3785 841 3835 sibi
856 3783 1051 3849 comparandum
1060 3819 1067 3845 ,
1077 3786 1152 3833 ctiam

92 3858 235 3910 voluntarii
250 3855 399 3914 assumpsit.

128 3933 242 3999 Vigiliis,
257 3932 286 3980 in
300 3927 411 3979 docendo
421 3931 447 3978 et
457 3927 602 3979 laborando.
