2512 4424
161 247 214 300 rso
326 249 508 303 sacellum
526 237 732 305 nris'ronm
752 251 799 305 ln
816 249 1057 305 coniuratos

160 435 1220 469 ”fflssfflmmmssfflssflssssssflssssfflmm

263 531 525 688 nNALlsls
553 607 761 688 GAPITIS
789 605 1108 689 DUO-DECIMI.

156 895 293 991 Arruns
304 939 420 1006 gloriam
435 954 515 994 suam
535 941 695 1008 Apostolus,
710 948 737 995 et
756 941 805 1009 qui
824 939 852 993 in
872 939 963 1007 capite
978 938 1150 1007 praecedenti
1170 955 1218 1009 se,

154 1027 186 1073 ut
199 1021 299 1074 Christi
319 1022 494 1086 ministrum,
508 1036 567 1089 prae
577 1024 818 1090 pseudoapostolis
836 1023 1041 1076 commendavit
1053 1023 1091 1076 ob
1109 1012 1221 1078 labores

154 1108 182 1156 et
194 1104 339 1170 passiones
351 1118 414 1171 quae
428 1105 615 1158 abundantius
634 1108 773 1174 Evangelii
784 1107 884 1169 causa,
898 1119 956 1172 pree
970 1106 1023 1158 illis
1036 1107 1178 1172 toleravit,
1190 1109 1219 1161 in

154 1185 208 1240 hoc
220 1186 310 1253 eapite
322 1200 384 1239 sese
394 1200 452 1254 prae
462 1188 567 1240 eisdem
576 1190 761 1254 commendat,
771 1189 807 1242 ob
822 1188 870 1241 Dei
884 1188 958 1240 dona
974 1188 1027 1241 sibi
1039 1188 1219 1242 excellentiis

154 1271 267 1335 collata,
283 1271 320 1324 ob
331 1271 452 1323 visiones
463 1270 566 1323 scilicet
582 1275 609 1324 et
625 1272 817 1325 revelationes.
1178 1267 1182 1272 ’

188 1354 216 1423 i.
233 1367 299 1421 ergo
309 1355 336 1418 E,
351 1357 376 1416 5,
391 1357 419 1417 l,
433 1367 515 1406 suum
528 1359 622 1406 narrat
637 1360 748 1420 raptum
760 1355 790 1406 in
810 1356 922 1408 tertium
938 1355 1056 1420 coelum3
1072 1369 1158 1422 quem
1178 1362 1219 1410 ta·⁴

154 1450 220 1491 men
239 1435 383 1488 modestiae
399 1435 482 1488 causa
502 1436 646 1502 exprimit,
664 1437 767 1490 nonin
790 1452 841 1493 suo
864 1438 996 1503 nomine,
1014 1437 1065 1490 sed
1083 1438 1114 1490 in
1136 1440 1218 1492 tertia

152 1531 272 1584 persona
287 1534 294 1570 ε
308 1530 359 1570 nee
374 1517 449 1570 enim
461 1519 572 1585 gloriari
590 1519 659 1584 vult,
680 1520 734 1572 nisi
746 1520 775 1573 in
795 1502 1013 1584 infirmitatibus,
1029 1520 1056 1588 i.
1070 1523 1098 1575 5.

187 1601 214 1668 i.
229 1603 255 1652 6.
269 1603 365 1651 Posset
380 1600 459 1666 plura
470 1599 632 1666 hujusmodi
648 1602 756 1666 dicere,
773 1602 823 1654 sed
841 1603 1005 1668 supprimit,
1018 1616 1058 1660 ne,
1069 1602 1162 1670 maim
1173 1604 1217 1657 vi·

152 1683 346 1750 deaturquam
359 1683 404 1736 sit.
862 1721 867 1734 .

187 1766 215 1835 i.
235 1769 261 1818 7.
274 1768 372 1818 Narrat
388 1765 542 1833 quomodo,
556 1780 592 1819 ne
611 1767 648 1820 ob
667 1767 849 1820 revelationes
862 1767 1055 1829 extolleretur,
1069 1769 1153 1821 datus
1174 1775 1216 1823 est

150 1850 189 1905 illi
207 1850 334 1903 stimulus
353 1850 461 1914 carnis,
486 1851 601 1916 angelus
621 1852 744 1912 Satanae,
767 1865 832 1903 eum
851 1851 983 1904 continue
1014 1852 1213 1918 colaphizans,

150 1933 293 2000 quomodo
308 1933 416 1999 rogavit
427 1938 457 1984 ut
468 1928 628 1997 tolleretur3
644 1934 743 1987 Christi
754 1947 934 2004 responsum,
949 1933 1015 2005 quia
1028 1935 1116 1987 virtus
1126 1934 1157 1987 in
1171 1935 1216 1987 iu-

150 2017 278 2069 lirmitate
299 2016 440 2082 perficitur
460 2030 468 2067 =
488 2015 610 2081 hincque
626 2016 729 2067 mavult
747 2017 847 2068 Paulus
872 2015 901 2067 in
922 2015 979 2068 suis
1006 2015 1216 2071 infirmitatibus

127 2164 131 2172 Ι
150 2099 274 2164 gloriari,
289 2097 374 2164 quam
386 2097 415 2148 in
428 2097 539 2147 Domini
550 2098 776 2162 revelationibus,
790 2099 817 2166 i.
833 2102 858 2161 8,
873 2102 957 2163 9,10.

184 2183 212 2250 γ.
228 2185 273 2235 ll.
292 2185 410 2233 Excusat
430 2194 510 2232 suam
525 2181 705 2246 semetipsum
729 2182 860 2234 laudandi
880 2181 1034 2244 licentiam,
1046 2183 1216 2251 culpamque

149 2264 237 2331 rejicit
258 2266 286 2316 in
302 2263 477 2326 Corinthios,
493 2263 541 2328 qui
554 2265 677 2329 Apostoli
690 2264 732 2315 sui
750 2266 906 2332 apologiam
919 2271 1011 2317 texere
1027 2265 1213 2319 debuissent:

149 2346 213 2399 crim
227 2360 283 2398 non
300 2345 383 2398 fuerit
397 2345 471 2410 apud
483 2359 532 2397 eos
552 2346 699 2412 praecipuis
713 2348 850 2414 apostolis
862 2347 993 2412 inferior,
1007 2347 1072 2401 edm
1092 2347 1155 2416 ejus
1173 2350 1216 2402 vi-

149 2430 240 2482 derint
256 2428 425 2495 apostolalirs
442 2427 536 2495 signa,
559 2429 623 2482 clam
644 2430 724 2482 abeo
746 2443 803 2481 non
819 2431 928 2485 minora
945 2432 1103 2497 receperint
1121 2433 1212 2497 dona,

148 2513 232 2581 quam
246 2525 309 2579 quae
321 2518 486 2577 receperunt
502 2518 609 2565 caeterae
627 2514 755 2565 Ecclesiae
768 2513 803 2565 ab
818 2514 878 2566 aliis
897 2515 1050 2581 Apostolis,
1067 2515 1122 2567 nisi
1136 2516 1214 2584 quod

147 2596 200 2656 illis
214 2594 408 2662 evangelizavit
424 2593 530 2661 gratis,
549 2596 576 2663 i.
591 2598 634 2656 12,
654 2601 699 2648 ts.

181 2677 268 2744 lluJus
279 2676 403 2743 injuriae,
418 2678 441 2730 si
454 2692 517 2744 quae
533 2679 586 2742 sit,
600 2680 708 2731 veniam
721 2680 757 2730 ita
774 2678 858 2744 petit,
869 2683 899 2730 ut
913 2679 938 2747 i.
952 2683 988 2731 lt
1005 2684 1123 2734 testetur
1135 2682 1216 2749 quod

114 2827 117 2832 ¹
146 2764 175 2815 in
188 2776 238 2815 suo
251 2761 380 2827 persistet
392 2761 534 2825 instituto,
551 2762 675 2828 nihilque
691 2763 726 2814 sit
743 2762 778 2814 ab
791 2762 831 2814 eis
843 2767 1016 2828 recepturus.

180 2844 269 2912 liujus
280 2844 321 2896 rei
335 2849 391 2896 tres
407 2843 454 2895 dat
469 2845 592 2898 rationes
604 2845 703 2897 affectu
715 2847 820 2910 plenas.

179 2929 272 2980 Primd
286 2967 293 2992 ,
304 2927 415 2978 illorum
427 2927 524 2991 quaerit
547 2927 682 2991 salutern,
698 2942 755 2981 non
772 2943 869 2982 eorum
881 2929 965 2982 dona.

180 3009 309 3064 Secundo
320 3047 327 3072 ,
340 3013 370 3059 ut
382 3022 477 3059 eorum
489 3011 568 3060 l’ater
577 3048 584 3072 ,
593 3008 670 3074 Juxta
682 3016 788 3063 naturae
798 3012 886 3079 legem
898 3051 905 3077 ,
917 3013 976 3065 vult
988 3012 1051 3066 liliis
1061 3014 1122 3067 suis
1133 3015 1213 3081 dare,

145 3106 204 3144 non
222 3091 311 3142 abeis
324 3090 458 3154 accipere.

180 3173 294 3236 lertio,
311 3184 368 3224 non
393 3184 442 3222 sua
464 3169 588 3236 tantum,
605 3179 636 3225 ut
653 3179 750 3239 pater,
767 3181 879 3240 paratus
895 3181 937 3227 est
950 3175 991 3228 eis
1010 3177 1095 3242 dare,
1120 3181 1215 3236 sedet

144 3255 325 3320 semetipsum
337 3267 388 3318 pro
407 3266 504 3306 eorum
524 3256 626 3318 salute,
640 3255 667 3323 i.
681 3259 726 3308 15.
764 3283 766 3287 .

179 3338 206 3405 7.
219 3340 264 3389 16.
281 3335 391 3388 Reiutat
404 3336 568 3388 calumniam
581 3338 634 3390 sihi
652 3339 687 3390 ab
700 3339 863 3391 adversariis
875 3341 995 3404 illatam,
1010 3342 1087 3408 quod
1100 3344 1211 3412 dolose,

144 3433 202 3473 non
219 3433 269 3486 per
281 3432 325 3484 se;
347 3419 397 3471 sed
413 3419 564 3486 discipulos
581 3435 661 3485 suos,
684 3421 701 3474 a
719 3421 867 3475 Corinthiis
887 3422 1020 3488 pecunias
1041 3429 1211 3501 extorserit,

144 3504 172 3571 r.
193 3506 238 3567 xv,
252 3505 297 3554 rs.

179 3585 206 3651 i.
217 3589 261 3638 19.
278 3583 399 3638 Affirmat
421 3585 498 3652 quod
512 3599 688 3652 quaeeunque
710 3587 794 3651 dixit,
809 3600 866 3639 non
878 3587 914 3638 ad
927 3587 970 3639 sui
983 3592 1210 3659 commendatio-

144 3681 208 3720 nem
224 3667 306 3731 dixit,
321 3668 370 3720 sed
385 3669 421 3721 ad
435 3682 533 3722 eorum
544 3668 767 3722 edificationem.
827 3723 830 3731 ,

178 3751 205 3819 i.
221 3754 265 3803 20.
284 3751 372 3804 Timet
392 3765 429 3804 ne
440 3751 476 3803 ad
489 3764 538 3803 eos
558 3752 689 3816 veniens,
704 3750 828 3804 inveniat
840 3752 948 3818 aliquos
965 3753 1062 3819 quales
1084 3768 1141 3807 non
1155 3769 1207 3822 op-

145 3837 198 3899 tat,
212 3840 239 3886 et
257 3848 293 3886 ne
310 3837 457 3900 propterea
479 3839 594 3901 cogatur
607 3834 681 3900 apud
701 3847 750 3887 eos
769 3847 846 3901 esse,
861 3835 971 3902 qualem
990 3835 1044 3903 ipsi
1056 3849 1113 3888 non
1131 3837 1205 3890 desi·

144 3915 255 3983 derant,
269 3917 295 3984 i.
310 3918 354 3982 El,
370 3918 415 3971 Ξῖ.
