2512 4424
102 241 121 294 a
174 199 177 204 ’
267 239 456 293 sncuuna
474 235 674 290 amorosa
694 235 744 286 an
761 229 1001 288 consuamus

133 332 191 383 Sive
201 334 286 387 autem
298 331 447 394 affligimur,
465 332 491 381 ld
502 329 573 380 vobis
587 327 662 388 utile;
673 327 698 376 ld
755 331 782 382 6.
797 328 861 382 Siva
881 332 975 382 autem
994 323 1162 380 tribulamur

102 402 172 451 enlm
186 401 219 450 ad
228 405 337 450 vestram
346 400 544 449 exhaustionem
557 400 582 447 ci
592 397 698 472 salutem
721 421 771 475 pro
804 411 894 460 vesu-a
922 403 1115 460 exhortatione
1132 407 1162 474 al

102 467 184 528 cedit,
200 470 324 528 quatenus
338 470 424 516 nostro
444 465 556 529 exemplo
572 476 617 513 res
634 462 698 512 licus
721 480 826 538 salute.

101 535 217 586 hortatur
230 533 262 584 ad
276 533 450 583 tribulationes
465 533 562 583 sortiter
574 530 697 590 terendas,
818 523 826 549 ³

102 604 193 665 quibus
205 603 356 653 adsalutem
369 604 519 666 perveniatis
530 621 537 663 ;
962 637 966 649 .

132 671 189 721 Sive
211 671 423 722 consolationibus
450 670 592 729 afficimur,
615 668 642 718 ld
666 667 698 717 ad
756 662 1161 731 Sivcconsolamurprovcsira

102 742 211 790 vestram
223 741 298 789 etiarn
309 739 504 789 consolatlnnem
514 737 619 796 coniert;
628 738 698 798 qula,
721 740 925 806 00n3013110n03

102 811 132 861 ut
146 807 198 857 dlxi
213 821 240 857 n.
257 810 281 868 l,
296 806 351 858 ldco
368 821 413 856 nos
424 806 567 857 consolatur
580 805 658 867 licus,
671 808 699 854 ut

103 875 300 927 consolationem
315 880 428 926 nostram
439 877 510 925 vohls
521 875 684 925 refundamus
689 895 697 935 3

132 945 189 995 Sive
208 945 277 995 lntde
291 948 430 995 excitamur
445 947 460 994 d
476 945 539 1004 Deo,
561 944 587 992 ld
606 946 698 1006 pariter
756 947 817 1000 Siva
835 943 1013 999 exhortamur
1027 957 1080 1010 pro
1098 957 1162 999 ves-

101 1016 135 1065 ad
149 1019 258 1066 vestram
281 1015 388 1064 salutem
405 1013 487 1073 cedlt;
503 1014 562 1073 quia
577 1011 638 1061 hiuc
654 1026 698 1074 ap-
721 1031 762 1077 pra
773 1023 963 1078 exhoryaypone
974 1027 1002 1076 et
1013 1022 1121 1088 salure,

101 1088 177 1134 tiores
198 1084 328 1135 reddimur
352 1083 452 1133 advos
476 1080 642 1130 exhortandos
666 1080 698 1129 ad

101 1153 280 1284 ¹allgrtr‘aemeiliclt
295 1224 321 1270 in
337 1221 408 1269 vobis
423 1218 582 1268 tolerantiam
599 1231 697 1267 aarum·
754 1219 820 1281 Quae
839 1221 968 1284 operatur
986 1214 1163 1270 tolerantiam

102 1290 159 1340 dem
179 1289 388 1348 tribulationum,
403 1300 466 1348 quas
479 1289 504 1336 et
519 1298 566 1335 nos
587 1285 697 1361 Apostoli
720 1293 881 1347 earumdem
895 1292 1075 1358 passionum,
1090 1307 1162 1360 quas

72 1390 74 1394 ·
101 1361 222 1421 patimur·
720 1375 747 1423 ct
760 1369 960 1435 nospatimur3

100 1468 1162 1495 W

132 1541 200 1592 Vera
212 1545 237 1592 et
248 1542 354 1592 coelestis
364 1543 541 1593 consolationis
552 1541 607 1590 ions
618 1544 671 1600 est,
686 1543 766 1588 mater
779 1538 877 1602 gloria3
888 1537 954 1588 scala
966 1537 1077 1600 paradisi
1088 1574 1096 1599 ,
1108 1539 1162 1590 inl-

89 1611 174 1662 'tiatlo
186 1611 220 1661 ad
234 1616 354 1662 aternam
367 1612 557 1662 beatItudinem.

132 1702 157 1749 c.
170 1700 228 1750 Siue
239 1704 323 1749 autem
336 1699 521 1749 tribulemur...

131 1773 162 1822 ln
176 1773 225 1823 hoc
237 1776 309 1822 textu
327 1773 466 1822 notandum
482 1771 564 1835 primii
584 1771 651 1834 qudd
666 1772 824 1822 cumulemur
839 1777 862 1821 et
879 1771 1041 1821 exhortamur
1059 1770 1161 1833 passive

101 1841 301 1961 zurggodebeant,
314 1844 343 1891 ut
358 1839 418 1890 olim
438 1841 643 1904 usurpabantur;
660 1841 727 1902 quod
745 1844 830 1889 autem
841 1841 939 1901 passiva
952 1841 1019 1898 sini,
1039 1842 1110 1901 patet
1130 1852 1162 1889 ex

130 1985 273 2034 Notandum
284 1985 394 2036 secundi>
402 1983 470 2046 qudd
480 1985 508 2032 in
520 1984 604 2033 craeco
614 1987 638 2032 ct
649 1985 676 2031 ln
688 1983 790 2044 Syriaco
799 1983 849 2032 duo
860 1981 961 2030 tantum
970 1983 1021 2030 sint
1031 1983 1158 2043 membra,

101 2053 213 2114 scilicet,
227 2056 278 2103 aive
296 2054 490 2110 tribulamur...,
500 2052 552 2100 sive
569 2049 765 2099 coarctamur...
780 2049 848 2098 deest
858 2054 959 2109 autem,
975 2049 1026 2098 aive
1039 2051 1161 2100 ecbertu-

101 2135 176 2179 mar,
189 2123 214 2170 et
227 2133 286 2170 cum
298 2120 478 2180 fundamento,
493 2119 552 2169 cdm
566 2120 670 2167 unicum
682 2119 715 2167 sit
725 2117 830 2167 verbum
841 2120 869 2167 ln
879 2117 964 2168 Graeco
979 2117 1124 2180 significans
1136 2124 1162 2169 et

25 2196 29 2203 '
102 2189 291 2239 rmuommurct
301 2189 472 2238 exhortemur.

132 2262 175 2312 Vel
187 2275 259 2324 ergo,
270 2263 417 2324 perscribas
430 2274 510 2310 unum
525 2260 597 2310 altari
609 2259 722 2309 additum
734 2264 771 2310 est
778 2280 787 2322 ;
799 2259 838 2310 vel
849 2263 932 2310 noster
942 2262 1065 2324 interpres
1075 2261 1160 2313 voluit

102 2335 234 2395 utramque
247 2332 316 2381 verbi
330 2330 469 2393 reperire,
483 2329 691 2391 significationem
703 2332 850 2392 exprimere.

129 2405 272 2455 Notandum
290 2403 363 2454 tertii>
381 2403 448 2466 qubd
462 2403 536 2466 paulb
548 2403 620 2452 allier
633 2407 814 2454 construuntur
830 2404 858 2453 hi
876 2403 926 2452 diro
937 2415 1024 2454 versus
1036 2407 1122 2454 sextus
1132 2410 1158 2455 et

101 2474 223 2588 septllmus
236 2475 264 2522 in
279 2471 381 2532 creec,
398 2476 423 2521 ct
435 2471 504 2534 apud
519 2471 605 2521 divum
622 2470 845 2531 chrysostomum,
862 2471 1059 2534 Theodoretnm,
1076 2473 1158 2523 Theo-

100 2541 151 2604 pby
162 2543 256 2590 actum.

130 2613 160 2663 ll.
174 2612 365 2676 chrysostomus
380 2615 416 2663 sic
433 2613 492 2675 ieglt
508 2633 515 2663 ι
536 2614 593 2664 Sive
609 2616 694 2664 nutem
709 2612 880 2674 tribulamur,
894 2625 940 2675 pro
950 2617 1033 2664 vestra
1044 2614 1158 2667 conscla-

100 2684 169 2732 tione
180 2685 205 2731 et
216 2683 312 2744 salute,
325 2696 380 2745 quae
399 2688 515 2746 operatur
529 2686 556 2732 in
574 2683 706 2733 tolerantia
723 2682 868 2733 earumdem
882 2684 1046 2746 passionum,
1057 2697 1122 2746 quas
1132 2689 1158 2736 et

100 2763 147 2800 nos
159 2751 269 2812 patimur
276 2770 285 2811 ;
301 2755 326 2800 et
343 2765 399 2814 spes
414 2756 500 2806 nostra
511 2751 584 2800 firma
600 2755 636 2800 est
651 2764 696 2814 pro
708 2752 788 2800 robis.

129 2824 187 2874 Sive
200 2823 371 2884 consolamur,
383 2838 428 2887 pro
445 2831 526 2874 uestra
543 2827 710 2874 consolatione
728 2828 752 2873 et
767 2823 862 2882 salma,
879 2825 985 2872 scientes
1000 2822 1070 2882 qued
1090 2829 1159 2878 sicut

100 2896 159 2943 estis
171 2895 232 2942 socii
244 2894 403 2953 passionum,
420 2895 454 2940 lta
466 2895 535 2940 eritis
551 2892 736 2941 consolationis.

129 2965 177 3015 Sed
192 2964 281 3013 melior
293 2967 330 3012 est
341 2968 432 3013 nostra
451 2963 561 3022 Vulgata
578 2965 747 3022 constructio;
763 2976 840 3023 quam
860 2966 942 3012 servat
957 2964 1034 3015 etiam
1052 2966 1157 3031 Syrlnca

100 3039 125 3083 ct
137 3031 241 3082 Arabica
257 3032 357 3089 versio,
374 3041 510 3098 sensusque
526 3033 578 3088 est,
598 3031 641 3090 qui
660 3031 686 3077 ln
703 3030 848 3092 paraphrasi
870 3033 1027 3094 exprimitur.

128 3105 186 3154 Sive
199 3103 332 3163 affligimur
343 3138 351 3161 ,
363 3103 388 3150 ld
406 3102 476 3151 vobis
492 3102 566 3162 utile,
581 3106 628 3151 etc.
648 3102 709 3151 Vide
725 3103 907 3165 paraphrasim.

127 3171 300 3232 Magistrornm
315 3170 426 3232 exempla
440 3174 500 3219 sunt
516 3167 695 3233 discipulorum
710 3171 878 3222 hortamenta.

128 3244 186 3294 sire
201 3241 411 3292 consolationibus
428 3243 567 3303 allicimur,
581 3243 608 3292 id
625 3246 701 3294 etiam
712 3245 744 3295 ad
755 3248 864 3295 restrum
877 3247 1075 3303 consolationem
1094 3267 1154 3306 con-

98 3310 161 3372 fert,
173 3314 221 3360 etc.
235 3310 296 3360 Vide
311 3312 493 3373 paraphrasim.

131 3399 188 3447 Sive
202 3396 377 3455 exhortamur,
390 3398 416 3445 id
428 3400 480 3457 cst,
492 3401 543 3446 sive
555 3399 623 3448 intds
639 3402 776 3450 excitamur
789 3405 813 3451 et
828 3404 998 3455 confortamur
1010 3407 1024 3456 d
1041 3410 1107 3471 beo,
1128 3411 1152 3460 id

72 3512 74 3517 .
98 3469 191 3529 pariter
203 3464 235 3514 ed
245 3467 353 3514 vestram
364 3465 470 3515 salutem
490 3466 572 3527 cadim
589 3471 648 3530 quia
662 3483 707 3534 per
723 3470 771 3521 hoc
789 3475 897 3534 aptiores
914 3474 1044 3527 reddimur
1060 3480 1093 3530 ad
1108 3493 1153 3531 vos

99 3530 234 3582 hortandos
249 3536 274 3580 et
291 3530 435 3580 excitandos
451 3531 483 3581 ad
499 3531 614 3585 salutern.

98 3619 353 3735 mlffiopggtur...
363 3617 405 3667 cr.
421 3617 526 3679 eliacim
542 3619 568 3668 id
587 3623 640 3682 est,
656 3635 711 3684 qua
730 3629 811 3675 restra
824 3625 892 3677 salus
907 3628 1013 3679 efficitur
1024 3643 1069 3695 per
1087 3633 1151 3684 tole-

129 3753 158 3803 n.
172 3750 379 3832 chrysostomus,
391 3764 446 3813 quae
463 3754 568 3803 edicitur
581 3757 608 3804 in
621 3758 769 3822 tolerantia,
787 3765 835 3813 cic.
852 3763 926 3813 Notat
944 3767 1074 3829 expresse,
1084 3768 1150 3832 quod

99 3819 127 3872 lt.
139 3817 230 3868 Paulus
241 3830 291 3866 non
307 3818 385 3878 duri,
397 3831 452 3880 quae
463 3821 537 3870 edicit
547 3859 554 3882 ,
566 3823 608 3872 sed
625 3837 680 3885 quac
698 3828 812 3879 oisscltur.

128 3886 200 3937 Juxta
219 3889 330 3937 nostram
349 3886 493 3950 vulgatam,
518 3904 572 3953 quc
594 3903 712 3949 armatur
731 3897 887 3950 tolerantium
890 3934 947 3952 ......
961 3913 1017 3966 que
1031 3904 1114 3972 salus,
1135 3904 1150 3958 t
