2512 4424
102 255 156 309 soe
362 230 367 239 '
398 251 602 305 nersronu
620 251 670 304 ro
686 245 868 325 erueres

132 343 696 409 tinctusestipsepronobismsiedictio,idest,
720 335 1159 408 rectuspronobismnledietnmz

102 416 378 477 nostmsinsesuscepit
386 413 699 474 meledictionesseupeo-

101 485 267 546 ostaluende;
276 485 308 535 ab
316 485 463 534 hominihus
471 483 573 533 habitus
581 482 697 543 estquasi

102 557 167 604 esset
181 553 232 602 lieo
246 553 421 614 exseembiiis3
432 552 526 602 tnieme
535 565 581 615 pro
592 551 665 600 nobis
674 552 698 598 et

102 621 253 672 exsecrabile
263 625 344 673 crucis
355 623 487 672 subeundo
495 620 668 683 supplicium:
1093 671 1101 686 ι

131 689 259 752 Scriptum
279 695 317 740 est
339 710 346 739 ι
369 689 531 748 Maledictus,
554 692 602 738 etc.
628 687 698 746 amni
721 677 789 740 Quia
798 677 931 742 scriptum
941 680 984 727 est
992 671 1161 727 :iiaiedretus

101 759 217 811 Christro
230 763 257 809 in
270 775 343 812 cruce
356 775 402 823 pro
414 761 486 810 nobis
499 760 635 822 pependit:
651 756 697 806 iec-
722 756 813 809 omnis
826 755 875 822 qui
886 753 991 820 pendet
1005 751 1034 804 in
1047 750 1133 818 ligno.

101 834 263 891 tnsestergo
276 843 321 892 pro
337 831 410 880 nohis
427 830 596 890 maledictus,
695 883 703 894 ⁸
1126 881 1133 893 ,

131 896 164 947 iit
169 897 312 947 benedictio
319 896 424 947 Abrabae
431 898 553 959 promisse
564 908 608 959 per
616 893 698 944 Chris-
755 887 801 937 ti.
810 886 843 937 Ut
853 884 881 935 in
892 883 1021 950 gentibus
1030 880 1161 934 benedie-

101 971 157 1016 tum
168 968 284 1029 gentibus
295 967 425 1016 obveniret
429 985 438 1027 t
723 961 760 1012 tio
775 960 891 1012 Abrahae
909 959 988 1011 tieret
1006 959 1036 1011 in
1056 958 1160 1011 Christo

721 1041 803 1100 iesu,

132 1117 164 1168 nt
182 1129 227 1179 per
248 1117 339 1179 tidem,
358 1118 481 1181 Spiritum
500 1118 698 1168 sanctificantem
757 1119 790 1168 ur
802 1114 1034 1182 pollicitationem
1047 1113 1161 1182 Spiritus

102 1184 262 1237 credentibus
289 1189 460 1250 promissum,
488 1190 611 1248 tunquam
633 1188 700 1236 reris
722 1192 1070 1260 acquiramusperfidem,

102 1254 206 1305 Abrahae
216 1254 293 1313 titus,
306 1257 484 1317 reciperemus.

130 1323 376 1380 Fratres.hn1uand
398 1326 514 1376 ratione.
538 1324 700 1386 humanoque
756 1324 801 1375 15.
811 1319 1162 1390 imtrestsecundumbo-

103 1397 159 1442 utor
171 1393 301 1456 exemplo,
316 1394 343 1442 in
361 1405 389 1442 re
407 1392 532 1454 spirituaii
552 1407 582 1441 ac
600 1393 699 1454 divium
724 1399 827 1451 minem
838 1397 942 1465 dico),

101 1580 294 1698 fflrismsp'dprg
306 1581 415 1642 peccatis
431 1580 524 1630 nostris
543 1593 696 1642 suspensus,
710 1581 905 1632 similitudinem
919 1583 997 1643 gessit
1018 1581 1132 1632 hominis
1146 1581 1160 1630 i

136 1660 208 1698 ome
251 1663 273 1698 rc
285 1663 303 1697 r.

133 1724 262 1785 Scriptum
278 1729 327 1780 est,
342 1723 442 1773 Denter.
461 1725 502 1772 21.
521 1727 558 1772 ii.
574 1723 618 1772 ubi
636 1735 771 1785 suspensus
789 1723 913 1772 diciturd
932 1723 984 1773 beo
999 1723 1160 1784 maledictus,

101 1794 185 1856 ibique
194 1793 297 1852 jubetur
308 1793 362 1852 ejus
375 1791 482 1840 cadaver
492 1790 580 1840 eodem
591 1790 632 1840 die
645 1791 736 1854 deponi
745 1796 770 1840 et
783 1791 899 1854 sepeliri,
914 1795 1041 1842 utstatim
1053 1793 1161 1842 detestor

100 1866 222 1914 memoria
236 1864 290 1922 ejus
306 1881 312 1909 :
332 1865 357 1909 et
370 1860 418 1910 hoc
433 1863 460 1909 in
475 1860 562 1910 odium
579 1863 692 1922 peccati,
708 1873 759 1923 quo
772 1861 823 1911 tute
839 1862 995 1924 supplicium
1012 1864 1158 1913 meruerute

102 1932 288 1982 sceleratissimi
299 1931 392 1991 quippe
406 1934 468 1977 tuuc
480 1928 698 1989 crucitigebsntur.

131 2003 200 2052 idem
213 2000 242 2050 tit
252 2000 336 2049 adhuc
346 2003 412 2048 circa
423 1998 609 2059 sceleratiores;
621 2000 822 2062 comburuntur,
834 2002 862 2049 iu
874 2002 989 2051 cinerem
1002 2001 1160 2064 rediguntur,

101 2073 127 2120 et
141 2073 168 2119 in
182 2083 240 2119 nera
256 2071 432 2130 projiciuntur.
1159 2111 1161 2115 ,

131 2138 190 2188 Tale
202 2139 262 2198 quid
273 2138 372 2186 Christo
384 2149 429 2198 pro
441 2135 514 2185 nobis
530 2138 630 2197 evenit,
647 2142 670 2186 ei
686 2151 743 2187 etim
757 2138 883 2188 sceleratis
898 2144 1034 2201 reputatus
1048 2147 1095 2200 est,
1108 2153 1162 2190 cru·

101 2207 189 2260 citisus
197 2219 257 2255 cum
265 2208 316 2265 eis,
327 2208 352 2252 et
363 2204 461 2252 medius
472 2206 537 2252 iuter
548 2205 619 2263 illos,
631 2206 719 2254 eodem
727 2206 808 2254 diedo
820 2219 896 2255 cruce
907 2220 966 2256 cum
980 2210 1016 2256 eis
1027 2208 1160 2271 depositus.

131 2293 296 2343 Oineffebilis
311 2293 424 2354 mysterii
440 2291 582 2352 dispositio!
595 2292 728 2354 Christus,
741 2294 785 2343 liei
797 2293 876 2342 Filius
889 2331 896 2354 ,
909 2294 1098 2346 benedictionis
1110 2295 1161 2344 tons

101 2368 126 2412 et
142 2365 228 2422 origo,
247 2362 276 2409 iit
293 2374 339 2422 pro
352 2362 424 2409 nobis
441 2361 598 2420 maledictio,
613 2367 641 2410 ut
654 2377 700 2412 nos
717 2365 732 2412 d
747 2363 925 2412 maledictione
941 2362 1053 2414 liberet:
1070 2365 1161 2416 iudeis

100 2445 144 2494 per
156 2444 258 2480 erucem
270 2430 298 2478 tit
311 2430 485 2490 exsecrabilis,
501 2435 529 2479 ut
541 2431 639 2481 iudaeos
659 2437 684 2480 et
698 2433 807 2482 Gentiles
818 2433 868 2481 Deo
882 2437 966 2494 gratos
984 2435 1091 2497 reddat,
1109 2450 1160 2485 ont·

101 2501 224 2560 nibusque
234 2500 393 2550 credentibus
407 2498 528 2560 Spiritum
539 2501 718 2559 justificantem
733 2506 914 2563 promereatur.

130 2569 200 2619 Sicut
214 2575 347 2629 mortuus,
362 2581 403 2618 cos
418 2568 509 2628 ortibus
521 2573 574 2616 erut
588 2570 748 2618 moriendum
761 2572 852 2625 exeruit
865 2571 880 2618 d
894 2574 995 2620 morte:
1008 2575 1045 2622 tiu
1058 2577 1083 2623 et
1095 2585 1161 2622 exse·

100 2641 211 2687 erutione
225 2641 252 2686 in
266 2651 292 2687 se
304 2639 418 2699 recepid,
430 2637 462 2685 nh
479 2640 647 2687 exsecratione
661 2639 776 2688 liberavit
788 2657 794 2687 ι
808 2638 837 2687 Ι).
850 2638 1056 2700 Chrysostomns.

132 2728 168 2775 ii.
188 2728 216 2775 Ut
231 2727 260 2775 ic
278 2725 393 2775 Gentibus
410 2725 542 2774 benedictio
558 2724 696 2774 Abrohoe...
709 2725 764 2787 Syr.
780 2730 808 2774 ut
822 2728 887 2774 iuter
901 2732 989 2786 gentes
1008 2734 1075 2779 esset
1088 2730 1161 2780 hene-

99 2795 177 2844 dictio
197 2794 333 2843 Abrahami
350 2807 394 2856 per
414 2794 501 2843 iesum
522 2793 669 2853 Christum,
685 2797 712 2843 ut
730 2807 777 2843 nos
791 2797 949 2858 accipiamus
968 2799 1162 2859 promissionem

100 2863 206 2926 Spiritus
219 2876 264 2925 per
279 2861 364 2910 tidem.

130 2950 287 2998 Oosrnvrrro
300 2960 416 2996 uorsus.
424 2947 534 2996 -Fides
546 2959 603 3007 ergo
619 2951 704 2996 nostra
716 2985 723 3008 ‚
743 2951 823 3010 gratia
834 2949 944 3010 Spiritus
955 2949 1045 3003 Sancti
1057 2990 1065 3014 ,
1079 2958 1161 3004 nostre

99 3018 282 3077 sanctificatio,
299 3017 395 3064 fruetus
409 3021 468 3063 sunt
489 3018 577 3064 mortis
594 3017 695 3066 Christi.

129 3087 166 3136 Ad
185 3087 232 3134 hoc
249 3098 381 3145 nunqnam
397 3087 457 3132 satis
470 3085 619 3133 attenditur.

128 3155 229 3203 iiomini
247 3156 322 3200 etiam
340 3151 531 3201 sceleratissimo
542 3152 606 3200 nihii
621 3156 718 3214 poteret
730 3156 802 3215 pejus
815 3157 933 3215 evenire,
947 3155 1026 3218 qudm
1041 3158 1160 3219 crucrbgi.

128 3222 241 3270 Christus
259 3226 361 3279 autem,
378 3220 484 3268 Sanctus
500 3226 663 3278 sanctorum,
684 3235 729 3282 pro
746 3235 787 3270 rue
804 3222 885 3271 voluit
904 3225 1037 3286 crucifigi,
1054 3233 1083 3276 ut
1096 3229 1159 3276 med
1195 3266 1204 3290 ,

97 3288 335 3407 peccetpuiiberuret
345 3325 352 3349 ,
364 3290 427 3337 mihi
441 3293 548 3351 gratiam
568 3295 722 3349 mereretur,
738 3290 770 3339 ad
790 3296 912 3341 uternam
931 3292 1111 3345 haereditatem
1121 3299 1159 3356 jus

108 3370 250 3476 arglffinor!
269 3438 340 3474 amor
360 3427 516 3475 immensus!
536 3427 776 3489 incomprehensus!
792 3428 945 3480 ineffabilis!

128 3493 193 3544 Hinc
205 3492 273 3541 disce
287 3495 410 3554 quantum
423 3501 448 3542 te
467 3494 581 3543 Christus
592 3501 673 3555 amet,
690 3500 714 3543 et
724 3499 814 3556 quanti
830 3502 901 3546 tuem
918 3498 1029 3551 salutem
1042 3501 1128 3554 iaciat.

127 3562 192 3613 Hine
204 3561 272 3610 disce
285 3564 408 3622 quantum
420 3563 509 3612 debens
521 3565 604 3625 ipsum
622 3577 707 3613 amare
719 3600 726 3623 ,
740 3571 765 3613 et
776 3569 847 3613 tuam
861 3566 970 3616 satutem
982 3582 1083 3620 curere.

97 3630 273 3748 llaistinetidisce
291 3632 416 3691 quomodo
435 3631 524 3680 debeas
539 3645 585 3693 pro
604 3633 963 3694 eoprobrn,ma1edietiones
982 3643 1008 3687 et
1028 3645 1156 3708 contume-

126 3711 198 3817 ΒΙΞὲθ
211 3733 237 3815 et
250 3780 295 3829 pro
308 3767 428 3817 scelerato
445 3773 545 3830 propter
563 3780 621 3817 euru
635 3772 754 3833 reputari.

99 3849 444 3976 hoineliniezcssqecdmseceoddm
466 3849 590 3899 homiuem
602 3852 686 3903 dico...
702 3853 758 3918 Syr.
770 3853 859 3906 iratres
872 3857 938 3919 mei,
953 3862 1080 3923 unquam
1092 3861 1154 3918 inter
