2512 4424
133 326 192 384 ‚550
254 319 258 322 ⁴
431 315 633 374 EPISTOLAE
652 314 701 365 at)
719 307 912 364 uenustus

110 450 116 458 -
170 417 327 470 serrandum
336 429 415 477 usque
426 416 452 464 ln
464 416 531 464 diem
540 410 736 468 resurrectionis,
759 407 789 459 iu
800 405 874 458 diem
885 398 1100 468 redemptionis·

140 491 185 541 nbl
198 489 230 538 ab
239 487 357 538 omnibns
371 485 446 534 malls
463 483 633 534 liberabimini
644 485 669 529 et
678 479 738 529 bea-

140 561 193 606 tam
207 554 422 605 immortalitatem
440 553 639 613 consequemini.
788 570 792 575 ⁷

104 619 109 626 '
172 625 261 674 absint
277 624 373 672 anobis
387 624 470 671 omnis
481 625 561 671 animi
577 620 738 678 amaritudo,
796 616 841 665 al.
861 608 959 662 Omnis
980 604 1155 669 amaritudo,
1175 606 1202 656 ot

143 695 366 752 excandescentia,
388 697 413 742 et
433 692 588 754 indignatio,
600 697 625 740 et
644 692 740 740 clamor
762 691 819 752 ira,
831 693 858 741 et
871 685 1040 752 indignatio,
1051 690 1080 736 et
1090 683 1201 748 clamor,

143 764 314 822 inordinatus,
328 767 353 812 et
364 762 526 823 querulosus,
544 762 740 821 maledicentia,
763 772 791 818 et
810 763 982 830 blasphemia
1001 761 1114 815 tollatur
1125 759 1143 813 d
1155 773 1203 813 no·

143 835 276 893 amnisque
293 833 398 882 omnino
409 831 552 893 malignitas
567 838 592 882 et
606 834 728 893 nequitia.
764 844 820 903 gis,
835 857 899 895 cum
913 839 990 893 omni
1002 839 1119 891 maffia.

173 923 290 975 Eeontra
300 964 307 986 ,
319 931 398 975 estote
409 936 494 975 comes
506 931 530 974 et
542 926 743 987 benigni,mise-
800 923 843 971 52.
861 922 954 970 Estote
972 922 1069 969 autem
1088 913 1205 968 invicem

144 993 255 1042 ricordes
266 998 292 1042 et
305 995 486 1054 compatientes
493 1011 502 1051 ;
510 990 650 1042 condonate
661 995 743 1044 otien-
765 998 892 1064 benigni,
917 995 1135 1058 miseriem-des,
1155 994 1205 1046 do-

144 1071 200 1118 us,
215 1061 282 1109 sicut
304 1064 330 1109 et
353 1061 436 1119 lieris,
455 1072 499 1121 per
514 1059 607 1109 Christi
627 1061 684 1110 Filii
700 1066 743 1114 sui
767 1084 865 1129 nantes
877 1075 995 1128 invicem
1013 1075 1206 1128 sicutetlleus

145 1129 279 1187 amum.
292 1129 477 1190 rotonensis
490 1127 696 1179 venerabant.
768 1153 1142 1208 tiicnrrsioaonamvonas.

179 1322 218 1382 ls,
230 1322 324 1373 scilicet
341 1322 449 1385 Spiritus
463 1325 581 1383 sanctus,
595 1335 641 1372 nos
659 1323 719 1372 lecit
731 1337 830 1385 gregem
847 1322 973 1383 regalem;
988 1324 1010 1371 is
1023 1335 1072 1371 nos
1085 1320 1206 1371 abduxltl

148 1393 237 1456 primis
250 1391 383 1451 omnibus,
399 1394 420 1440 is
439 1404 490 1441 nou
506 1394 564 1440 sirit
580 1404 627 1440 nos
642 1404 695 1440 esse
713 1395 774 1442 sitos
790 1407 849 1442 cum
865 1395 897 1442 iis
914 1395 958 1455 qui
974 1396 1037 1441 snut
1050 1391 1154 1442 obnoxii
1168 1391 1207 1438 ira

149 1461 211 1521 liei,
227 1466 252 1512 et
268 1466 297 1510 tu
317 1473 377 1510 eum
392 1461 495 1510 tristitia
512 1460 607 1509 allicis!
621 1461 650 1509 u.
665 1460 867 1524 chrysostomus.

180 1531 227 1581 Per
244 1533 432 1580 sanctissimum
450 1530 574 1593 Spiritum
589 1543 648 1591 grex
667 1532 769 1582 divinus
786 1534 867 1584 ellecti
885 1546 984 1583 sumus.
1002 1531 1181 1603 'theodoretus

182 1607 212 1654 ln
230 1605 296 1654 dieat
308 1606 497 1668 redemptionis,
511 1605 568 1667 Syr.
586 1604 756 1668 liberationis,
769 1608 861 1668 idest,
878 1610 905 1656 iu
925 1606 993 1655 diem
1004 1606 1121 1668 gloriose
1131 1616 1206 1656 resur·

152 1675 285 1734 rectionis,
301 1674 344 1723 ubi
359 1674 392 1724 ab
409 1675 528 1724 omnibus
547 1675 621 1724 malis
639 1678 666 1724 in
687 1679 774 1727 anima
787 1681 812 1726 et
828 1689 931 1740 corpore
946 1675 1062 1734 liberati,
1076 1677 1205 1737 integram,

153 1748 273 1794 eternam
285 1742 429 1794 felicitatem
440 1747 638 1806 consequemini.

183 1825 341 1876 (lusenrarm
360 1838 521 1877 nonanis-
532 1827 562 1876 ln
580 1828 707 1890 Baptismo
725 1832 751 1879 et
767 1828 964 1879 confirmatione
983 1827 1111 1888 obsignati
1130 1837 1206 1876 sumne

154 1898 248 1960 Spiritu
264 1900 369 1957 sancto,
383 1897 408 1947 id
424 1901 475 1957 est,
487 1897 630 1947 conditoris
640 1904 720 1948 nostrl
735 1901 837 1960 signum
846 1936 855 1958 ,
864 1899 971 1959 liguram
983 1904 1009 1946 et
1026 1899 1164 1959 imaginem
1173 1907 1205 1944 re-

154 1969 282 2029 cepimus,
296 1969 402 2028 gratiam
419 1967 637 2027 sanctificantem,
651 1970 700 2030 quai
711 1968 756 2018 tilii
776 1969 820 2018 liei
838 1975 864 2017 et
875 1968 926 2017 lieo
942 1969 1086 2020 consecrati
1102 1966 1205 2028 mosci-

155 2049 227 2095 mur,
243 2037 309 2084 sieut
321 2047 352 2084 ex
365 2035 445 2096 sigillo
457 2042 641 2096 agnoscuntur,
653 2051 680 2085 v.
695 2051 718 2098 g.
732 2037 805 2099 Regis
822 2037 922 2086 littera.

185 2107 237 2154 lloc
250 2110 334 2153 autem
348 2106 444 2165 sigillo,
461 2119 512 2153 non
530 2110 616 2156 anima
634 2109 751 2168 tuntum,
767 2108 810 2157 sed
823 2112 848 2156 et
859 2119 950 2169 corpus
964 2110 1083 2156 nostrum
1095 2109 1122 2154 et
1133 2104 1204 2155 omnia

154 2175 268 2226 membra
287 2178 371 2222 nostra
390 2175 518 2236 obsignata
537 2181 613 2236 sunt,
635 2179 807 2236 sanctificata,
826 2177 876 2226 Deo
897 2181 1063 2235 consecrata,
1088 2178 1125 2224 ait
1145 2175 1204 2223 drus

156 2245 356 2304 chrysostomus.

187 2311 357 2372 Quorleuriqne
370 2324 429 2360 vero
440 2313 576 2372 sigillatum
591 2298 646 2375 est,
663 2319 754 2378 aperiri
767 2328 819 2364 non
831 2317 912 2378 potest
925 2316 980 2363 sine
996 2317 1149 2364 auctoritate
1163 2314 1204 2372 ejus

158 2387 200 2446 qul
216 2382 326 2444 sigillum
339 2384 464 2444 apposuit.
934 2395 940 2402 ·

186 2452 241 2501 Non
254 2464 387 2513 possumm
398 2463 455 2512 ergo
465 2464 492 2500 os
504 2455 601 2514 aperire
613 2455 668 2502 sine
681 2454 788 2517 Spiritus
799 2456 880 2503 sancti
889 2455 1016 2514 motione;
1028 2453 1125 2515 quantd
1136 2454 1205 2503 minut

159 2521 221 2571 illud
233 2521 265 2571 ad
278 2523 362 2584 turpia
374 2526 398 2569 et
408 2521 516 2570 obscena
528 2522 620 2571 rerba!

189 2591 296 2653 Spiritris
308 2593 389 2639 sancti
405 2590 515 2651 sigillum
526 2591 604 2639 violat
614 2593 656 2652 qui
670 2604 698 2640 os
713 2593 794 2653 aperit
813 2592 845 2642 ad
864 2592 966 2640 inutilia
978 2591 1144 2653 loquendum.

189 2661 311 2722 Spiritum
322 2664 439 2709 sanetum
453 2663 584 2708 contristat
600 2663 643 2720 qui
658 2661 689 2709 ad
703 2661 768 2709 mala
779 2662 854 2709 verba
866 2673 908 2709 ore
922 2665 1011 2710 sanato
1026 2666 1053 2710 et
1065 2660 1205 2712 sanctificato

160 2732 249 2779 utitur.
262 2729 323 2778 lide
341 2728 414 2792 plura
430 2729 497 2790 apud
512 2729 541 2777 u.
558 2729 647 2791 Chrys.

191 2818 230 2864 al.
245 2815 330 2863 Omnis
343 2814 488 2861 amaritudo
502 2819 524 2862 et
544 2815 615 2862 ira...
629 2813 769 2861 Enumerat
782 2816 806 2861 et
822 2813 937 2874 probibet
948 2825 1040 2863 omnes
1052 2816 1096 2862 irai
1114 2812 1204 2873 gradus,

162 2888 235 2946 eujus
247 2885 318 2946 quasi
337 2884 419 2946 prima
438 2883 509 2931 radix
522 2887 560 2932 est
578 2884 738 2941 amaritudo,
756 2885 806 2945 qua
824 2897 867 2932 cor
883 2883 1010 2932 ollensum
1031 2885 1139 2947 proximi
1156 2880 1205 2930 lacto

162 2960 207 3004 aut
223 2955 299 3004 verbo
311 2991 318 3013 ,
331 2955 465 3003 amarescit
480 2967 537 3014 erga
555 2955 648 3015 ipsum.

120 3045 125 3050 ·
190 3024 255 3074 Illuc
269 3027 349 3073 oritur
364 3023 479 3083 quedam
494 3023 575 3072 cordis
590 3024 796 3082 ellervescentia,
818 3036 861 3073 seu
884 3023 964 3072 animi
984 3023 1160 3072 inilammatio.
1173 3019 1206 3068 or.

164 3093 249 3149 θυμὸς,
262 3093 469 3148 eacandescentia,
482 3105 537 3152 quae
551 3097 588 3139 est
603 3093 646 3140 ira
658 3094 790 3153 incipiens.

193 3163 286 3212 Deinde
297 3165 404 3223 assurgit
417 3163 565 3222 indignatio.
577 3162 620 3211 Gr.
635 3160 699 3221 ipra.
715 3167 752 3213 ira
765 3163 888 3226 perlecta,
901 3165 936 3210 ira
952 3176 1070 3212 accensa.

195 3232 281 3281 Postea
294 3234 403 3293 erumpit
416 3234 443 3280 in
459 3233 593 3291 clamores,
617 3235 726 3281 convitia
736 3271 743 3289 ,
755 3233 892 3294 quaerelas,
907 3245 1010 3280 arranem
1027 3232 1136 3293 denique
1149 3226 1209 3279 mall·

167 3303 226 3350 llam
238 3302 380 3362 proximum
390 3300 536 3359 laedentem,
547 3314 592 3349 seu
604 3301 785 3362 malignitatem
797 3304 901 3361 iustitia
912 3306 937 3349 et
946 3301 1065 3350 charitati
1075 3300 1209 3363 appositam·

195 3367 387 3418 atheromata
398 3371 427 3419 ll.
437 3369 530 3418 Paulus
541 3369 595 3417 ruli
607 3371 621 3418 a
633 3371 706 3418 nobis
717 3383 819 3431 prorsus
831 3374 855 3418 et
867 3369 988 3418 radicitus
1000 3369 1086 3418 avelli.

197 3436 295 3487 Clamor
311 3442 349 3487 est
369 3451 447 3499 equus
463 3441 522 3497 irae,
539 3441 574 3487 ait
586 3439 660 3487 dirus
677 3439 870 3500 chrysostomus
883 3459 890 3498 ;
904 3451 997 3499 equum
1010 3440 1032 3486 si
1047 3435 1209 3502 prostraveris.

167 3519 323 3556 ascensorem
339 3511 466 3557 evertisti:
483 3521 514 3557 ex
526 3508 624 3557 eodem.

197 3575 242 3624 lre
255 3587 350 3636 pennas
360 3583 476 3638 amputas
486 3615 493 3637 ,
505 3580 527 3626 si
540 3577 676 3626 clamorem
690 3576 808 3626 adieras:
823 3576 899 3626 idem.

199 3660 237 3707 32.
251 3660 330 3707 Estote
340 3665 423 3706 autent
434 3659 539 3707 inuicem
556 3660 683 3721 bariani...

198 3727 256 3776 i'ult
267 3731 352 3776 autem
364 3731 392 3774 ut
405 3728 432 3774 in
445 3726 529 3775 locum
540 3730 659 3775 vitiorum
671 3727 746 3789 supra
757 3729 965 3777 enumeratorum
976 3729 1119 3777 inseramus
1130 3727 1155 3776 ln
1165 3734 1211 3773 aar·

170 3796 243 3846 dibus
258 3799 349 3844 nostris
364 3797 468 3843 uirtutes
486 3799 637 3854 contrarias,
654 3810 714 3856 seu,

201 3866 232 3916 tit
242 3868 321 3915 slnms
331 3867 453 3923 intloem,
468 3877 567 3924 eomes,
583 3878 671 3915 suavos
687 3872 711 3915 et
721 3868 822 3927 benigni
833 3904 839 3926 ,
852 3868 1035 3916 misericordes,
1046 3867 1090 3917 Gr.
1102 3867 1212 3915 bonorum

171 3937 313 3992 mum,
330 3947 374 3984 seu
388 3933 509 3982 babentes
523 3936 618 3984 viscera
633 3937 823 3996 misericordia,
840 3938 1032 3997 compatientes.

202 4009 323 4058 maante
340 4009 482 4058 incitem...
496 4007 595 4059 Mutuus
614 4011 684 4061 robis
701 4012 809 4060 invicem
830 4010 1002 4061 condonantes
1018 4010 1142 4070 iniurias,
1159 4006 1213 4056 sicul
