2512 4424
150 293 204 346 188
445 294 649 350 EPlSTGEAE
666 294 716 348 tn
733 292 914 349 obturas

150 399 184 437 ne
203 388 263 449 ipsis
278 386 426 437 scandalum
448 386 557 450 taceret,
575 390 591 438 d
608 388 747 439 Gentilium
770 389 933 457 segregabat
940 399 980 451 se,
988 385 1093 438 timens
1104 379 1209 452 eoaqu

45 455 47 459 ’
150 459 269 507 convictu
281 469 308 506 se
318 457 489 508 subtrahebat.
770 480 804 518 ex
816 464 1030 518 circumcisione
1036 466 1130 518 erant.

179 535 212 586 Et
231 542 301 586 tanta
319 536 367 586 fult
379 541 418 587 vla
434 538 510 599 hujus
526 537 632 602 exempli
648 539 747 588 dPetro
804 548 849 596 15,
857 547 891 597 Et
902 541 1072 596 simulationi
1079 539 1210 606 ejusnun-

150 603 218 665 alab,
231 610 261 655 ut
279 608 363 656 caeoeri
376 605 456 656 iudai
475 608 683 656 coassimularent
695 609 747 670 (lta
770 627 916 675 senserunt
937 618 1031 674 caeperp
1053 617 1146 673 Judaep
1174 615 1209 670 ῃ,

149 674 194 724 Gr.
202 674 220 739 l,
229 676 255 725 id
267 683 317 736 est,
325 679 380 737 etus
390 676 546 726 simulationi
558 679 746 736 consentirent;
770 706 799 751 ut
814 704 842 752 et
855 698 996 751 Barnabas
1014 657 1167 750 ducerem}
1176 694 1209 748 ab

149 747 314 795 itautetlam
330 746 455 796 Barnabas
468 747 589 795 itinerum
603 752 629 795 ct
645 750 746 808 aposto·
787 778 826 790 ..
857 776 863 788 .
959 776 965 788 .
1057 774 1063 787 .

150 812 215 864 tatus
228 817 279 864 mei
291 828 390 875 comes,
405 816 472 864 idem
488 815 590 864 faceret.
769 792 809 830 ⁰¹⁵
819 791 847 829 ¹¹¹
856 777 930 829 mam
944 775 1163 828 ⁵¹mu¹³t¹⁰⁰em⁰

179 883 244 934 caim
255 896 313 945 ergo
331 884 450 932 vidissem
470 895 512 932 eos
525 895 576 931 non
595 883 662 933 rcctd
675 885 745 933 lnce·
802 881 909 933 lbsed
918 877 982 933 chtn
991 877 1125 931 vidissem
1136 874 1209 944 quod

149 953 209 1002 dere
227 955 299 1013 Juxta
316 956 448 1002 veritatem
468 953 613 1015 Evangelii,
633 954 677 1002 scd
697 954 746 1004 hac
769 973 825 1011 non
837 959 912 1011 recte
923 957 1099 1010 ambularent
1113 955 1151 1009 ad
1163 967 1210 1008 re-

148 1023 310 1073 almulatione
321 1025 392 1085 arraei
405 1023 563 1082 claudicare,
577 1022 627 1072 dixi
645 1023 745 1085 publice
768 1039 876 1091 ,palem
886 1033 1101 1101 Evangettt‚dtxt
1111 1031 1209 1101 cepha

148 1090 221 1142 Petro
234 1105 241 1140 ε
253 1093 278 1142 Si
293 1097 321 1141 tu
337 1093 456 1152 iudaeus,
468 1097 493 1141 et
508 1105 538 1141 ex
550 1093 644 1142 Judais
657 1095 745 1142 oriun—
768 1129 862 1168 comm
876 1113 1028 1166 omnibus:
1048 1111 1079 1164 Si
1090 1116 1122 1164 tu
1145 1108 1206 1164 epm

149 1159 212 1219 dus,
221 1163 298 1210 arteris
311 1160 455 1222 evangelica
468 1160 596 1221 libertate,
609 1164 650 1232 et,
658 1165 686 1209 ut
698 1160 744 1210 tibi
1124 1150 1132 1174 '

177 1316 282 1373 Petrus,
296 1319 365 1364 metu
378 1314 478 1364 tuoaeos
495 1313 550 1364 illos
568 1315 709 1365 offendendi
719 1352 726 1376 ,
738 1318 792 1364 erat
804 1316 873 1363 enirn
891 1312 960 1376 apud
973 1311 1029 1362 illos
1045 1311 1143 1374 grande
1158 1314 1208 1375 pia·

148 1385 251 1448 culum,
263 1386 325 1435 cibis
342 1385 422 1444 alege
438 1384 545 1434 llosaica
563 1387 647 1435 vetitis
662 1387 701 1447 pti
717 1404 723 1434 ι
740 1385 829 1434 Petrus
846 1395 904 1446 ergo
915 1419 923 1443 ,
934 1394 968 1432 ne
980 1383 1043 1445 ipsis
1061 1381 1209 1432 mandalum

148 1455 226 1514 foret,
238 1467 264 1504 se
276 1453 438 1502 subtrahebat
449 1453 464 1500 d
478 1455 596 1503 convictu
612 1453 761 1503 Gentilium.

182 1530 280 1579 Timone
298 1542 368 1578 coc...
383 1529 475 1577 timore
493 1540 545 1576 non
561 1527 663 1589 quidem
682 1528 829 1587 mundano,
845 1525 890 1576 scd
904 1525 1052 1586 charitatis,
1065 1539 1099 1576 ne
1115 1524 1208 1576 scilieet

148 1597 386 1646 scandalizarentur.
983 1639 985 1642 ,

178 1668 210 1718 Et
225 1668 274 1718 lvoc
284 1667 441 1728 inordinate,
457 1669 494 1716 ait
506 1667 536 1716 b.
548 1667 673 1728 Thomas,
685 1669 745 1730 quia
761 1667 855 1718 veritae
867 1677 1000 1727 nunqnam
1011 1664 1164 1715 dimittenda
1174 1668 1209 1715 est

147 1743 248 1801 propter
259 1739 376 1787 timorem
395 1736 516 1788 scandali.

177 1808 278 1858 Erravit
293 1819 350 1868 ergo
370 1807 458 1856 Petrus
472 1819 524 1856 non
541 1807 567 1854 ln
586 1804 651 1864 lide,
663 1802 707 1852 scd
723 1805 751 1853 ln
768 1801 850 1864 lacto,
861 1802 962 1853 incaute
981 1801 1097 1862 seilicet,
1109 1807 1135 1853 et
1151 1815 1209 1852 cnm

147 1875 265 1927 wandalo
282 1875 439 1937 Gentilium,
457 1874 581 1925 simulans
600 1873 767 1935 jndalsmum.
785 1872 855 1922 Unde
873 1872 985 1922 Gentiles
1001 1872 1095 1922 merito
1111 1873 1210 1924 credere

147 1950 264 2009 poterant
272 1947 429 2007 judaismum
441 1947 488 1995 sihi
501 1946 671 1995 necessarium
685 1956 748 1992 esse.

176 2017 234 2066 Fuit
247 2019 332 2077 itaque
347 2019 374 2065 in
390 2017 462 2066 Petro
474 2029 556 2065 vanus
571 2017 647 2065 timor
664 2013 811 2076 displicendi
829 2011 938 2072 Judaels,
954 2015 979 2061 et
997 2011 1116 2073 quedam
1132 2011 1209 2062 indis·

149 2088 244 2142 cretio,
263 2099 307 2134 sen
324 2085 518 2134 inconsideratio
529 2085 579 2145 qna
594 2083 704 2132 Gentiles
719 2082 906 2131 scandalizavit.

177 2155 202 2204 st
214 2157 298 2204 autem
314 2154 402 2203 Petrus
416 2155 523 2212 erravit,
537 2155 558 2201 si
575 2152 692 2202 Ecclesia
711 2154 827 2214 princeps
843 2157 868 2200 et
882 2155 966 2212 pastor
979 2150 1039 2200 verb
1060 2150 1111 2199 luit
1124 2163 1208 2214 repre-

147 2224 293 2282 hensibilis,
311 2224 368 2283 quis
390 2222 504 2272 fidelium
528 2223 576 2270 erit
596 2220 842 2284 irreprehensibilis?
863 2224 920 2283 quis
936 2233 988 2269 non
1007 2222 1119 2271 timeat?
1137 2220 1209 2271 etde

147 2291 227 2352 seipso
239 2303 291 2339 non
303 2290 418 2338 dissldatt‘

179 2377 217 2422 13.
231 2374 262 2422 Et
276 2371 435 2443 simulationi
449 2371 532 2435 clus...
546 2372 589 2422 Gr.
605 2377 630 2422 et
645 2371 856 2423 coassimulabant
872 2371 897 2420 ei
909 2374 934 2420 et
945 2372 1030 2420 caeteri
1044 2370 1144 2429 iudai,
1160 2377 1207 2422 etc.

177 2447 216 2495 lto
234 2453 262 2494 ut
277 2453 299 2495 et
318 2447 481 2496 Barnabas...
498 2446 559 2495 Vide
575 2447 758 2509 paraphrasim.

177 2515 274 2576 Quanta
292 2517 330 2564 vis
342 2515 464 2578 exempli!
480 2516 545 2564 nihil
559 2516 716 2577 pestilentius
729 2514 806 2575 quam
822 2513 919 2562 malum
935 2512 1033 2574 praelati
1047 2514 1207 2578 exemplum,

146 2587 196 2647 qub
212 2586 332 2647 dignitate
348 2586 500 2634 eminentior
515 2590 567 2644 est,
580 2585 609 2633 eb
625 2584 790 2647 periculosius
807 2588 844 2632 est
859 2582 1008 2631 scandalum
1023 2584 1055 2631 ab
1070 2597 1101 2632 eo
1112 2584 1207 2633 datum.

79 2702 82 2707 .
176 2653 267 2703 Caveat
279 2655 408 2716 ergosibi,
419 2655 485 2704 etad
497 2657 582 2703 omnia
595 2667 640 2702 sua
652 2653 718 2702 dicta
733 2651 832 2700 attacta
844 2651 971 2712 attendat,
984 2653 1029 2712 qut
1042 2658 1134 2715 praest
1144 2652 1207 2703 atila.

175 2723 299 2772 Validiora
312 2727 372 2772 sunt
388 2723 501 2786 exempla
517 2725 592 2784 quam
608 2722 706 2770 verba:
722 2721 820 2769 labeo.

177 2806 215 2853 rt.
228 2806 275 2854 Sed
288 2804 344 2854 etim
359 2807 475 2855 uidhsem
488 2806 554 2866 qvtod
565 2818 614 2853 noa
629 2803 721 2853 recti...
738 2802 780 2852 Gr.
792 2801 859 2864 qudd
876 2815 928 2851 non
944 2805 1014 2852 recto
1028 2803 1094 2866 pede
1110 2804 1207 2855 incede·

145 2880 202 2922 rent
212 2875 244 2922 ad
259 2877 406 2936 veritatem,
419 2880 467 2924 etc.

175 2944 235 2992 Erat
250 2944 364 3004 quadam
380 2945 450 3003 quasi
465 2943 614 2993 claudicatio
624 2964 631 3005 ;
641 2944 716 2992 modo
730 2942 762 2993 ad
777 2942 905 3002 Gentiles,
920 2942 1044 2994 modoad
1059 2945 1160 2996 tudaeos
1171 2947 1207 2996 la·

147 3011 272 3070 clinabat;
285 3025 343 3058 curn
362 3010 411 3059 iliis
430 3012 554 3071 gentiliter
571 3013 695 3072 vivendo,
708 3025 767 3061 cum
778 3011 818 3060 his
832 3011 942 3071 iudaice.

175 3079 232 3139 syr.
244 3080 302 3127 crim
317 3079 433 3127 vidissem
447 3092 502 3139 cos,
513 3093 563 3129 non
579 3083 645 3130 recta
660 3081 776 3130 incedere
788 3082 814 3128 in
826 3083 931 3129 veritate
945 3079 1079 3142 Evangelii
1093 3101 1100 3133 ε
1113 3094 1171 3146 seu,
1180 3085 1206 3132 nt

147 3144 190 3196 alil
200 3146 288 3195 volunt
303 3166 309 3194 ι
320 3149 389 3206 juxta
401 3151 531 3197 veritatem
546 3150 689 3210 Evangelii,
700 3151 758 3209 quia
772 3150 869 3210 peribat
885 3151 990 3197 veritas:

175 3216 257 3264 Potest
266 3218 342 3264 ctiam
355 3217 404 3265 dici
414 3255 420 3276 ,
432 3218 507 3266 modb
518 3219 550 3267 ad
561 3222 692 3268 veritatem
703 3218 832 3280 Evangelii
842 3218 1032 3281 propagandam
1043 3219 1204 3270 conducibili.

115 3354 117 3358 Ι
175 3290 237 3339 Dici
255 3290 369 3350 Cepha...
382 3289 442 3339 Vide
456 3292 638 3354 paraphrasim.

175 3368 332 3419 Onsaavarro
346 3374 536 3422 nonius—Ex
550 3373 683 3435 predictis,
695 3375 767 3423 atili.
779 3374 904 3432 Thomas,
916 3371 1042 3423 habemus
1054 3374 1203 3439 exemplum,

145 3438 240 3501 prelati
261 3439 362 3500 quidem
382 3441 547 3502 humilitatis,
569 3447 662 3492 utnon
687 3443 853 3504 dedignentur
868 3443 883 3490 d
900 3444 1045 3494 mtnoribus
1062 3450 1087 3494 et
1103 3445 1204 3495 subditis

146 3505 252 3566 corrigi,
265 3507 356 3557 subditi
368 3507 427 3557 verb
438 3510 579 3575 exemplum
590 3511 634 3559 zeli
649 3516 674 3558 et
685 3510 820 3569 libertatis,
833 3514 861 3557 nt
874 3522 926 3558 non
941 3516 1080 3562 vereantur
1094 3512 1203 3575 praelatot

145 3574 285 3636 corrigere,
297 3579 433 3637 prasertim
445 3579 466 3626 si
477 3580 573 3626 crimen
588 3583 624 3626 est
635 3577 765 3638 publicum
775 3612 783 3637 ,
794 3581 820 3625 et
833 3579 860 3626 in
871 3578 1018 3640 periculum
1034 3581 1202 3631 multitudinis

145 3648 244 3704 vergat,
256 3643 386 3706 hucusque
399 3646 426 3694 b.
441 3647 565 3706 Thomas,
579 3647 630 3695 liin.

176 3714 228 3762 lloc
239 3718 373 3775 utrumque
385 3715 539 3776 exemplum,
552 3721 607 3764 tum
620 3715 771 3764 humilitatis
783 3717 809 3764 in
823 3716 911 3776 Petro,
923 3720 980 3766 tum
995 3719 1122 3770 libertatis
1132 3732 1201 3770 evan-

145 3782 229 3844 gelica
242 3788 267 3831 et
282 3784 327 3832 zeli
342 3784 471 3846 apostolici
489 3786 514 3833 in
530 3785 606 3834 Paulo
616 3822 622 3845 ,
634 3799 720 3835 rarum
731 3823 738 3846 ,
750 3791 886 3846 sanctum,
906 3788 1114 3840 aedificatorium.

146 3849 203 3965 ssllil.
215 3855 299 3966 temolo
313 3851 467 3912 Augustinus
482 3851 631 3902 humilitatis
643 3855 709 3903 Petri
725 3854 869 3917 exemplum
883 3857 982 3917 rarius,
994 3861 1111 3909 sanctius
1124 3863 1149 3909 et
1160 3853 1200 3908 dll-

165 3930 179 3964 c
199 3919 238 3966 ina
253 3931 281 3966 ar
299 3920 397 3968 ltratvu·.

176 3983 278 4046 itarius,
290 3987 388 4049 inquit,
403 3989 427 4036 ct
445 3988 556 4036 sanctius
568 3989 709 4054 excrnplum
725 3991 814 4042 Petrus
829 3994 936 4056 posteris
947 3995 1077 4060 praebuit,
1089 4008 1142 4062 quo
1153 4003 1199 4048 ooo
1240 3984 1244 3991 ’
