2512 4424
101 249 156 304 iot
523 251 743 308 PRAEEATID.

140 345 234 408 Juxta
244 360 325 425 qaros
337 360 449 409 omnes
463 342 533 408 hoo
545 345 632 427 Epist
632 347 683 410 ola
695 344 851 426 posterior
862 349 913 409 ost
922 343 961 408 et
972 340 1164 485 qnnadlto-

100 462 215 511 manos
232 451 300 523 est,
319 452 352 513 ot
365 449 545 530 scripturn.
560 454 611 514 60.

141 553 241 631 liujus
258 549 412 633 opinionis
421 553 611 634 praecipuum
624 553 807 619 fundament
793 557 862 617 tum
877 557 928 618 est
937 548 1068 632 ‚quhd‘
1058 568 1092 614 ιιι
1101 549 1168 632 Epi·

99 656 184 733 ,omia
196 657 237 720 ad
248 661 420 737 Romanos,
432 675 460 720 o.
476 660 534 737 15,
548 661 581 730 t.
592 663 643 723 26.
658 662 694 722 D.
706 660 820 722 Paulus
831 659 915 722 dimi
931 681 939 722 ι
953 656 1167 720 Prolooeroat

101 762 183 825 enim
201 762 381 826 Macedonio
395 770 424 825 et
433 762 557 826 Achaia
570 763 762 825 collationem
773 764 910 844 aliquam
924 759 1026 843 [orere
1039 761 1074 823 in
1090 779 1168 841 pou·

100 884 206 944 peres,
220 874 275 929 ete.
285 869 323 929 Et
334 869 368 938 ἰ.
382 873 421 931 28
434 889 441 930 :
453 872 522 930 Hor
534 867 631 946 ὀρθίαν
645 869 714 929 enlm
728 885 994 943 consummavero,
1009 874 1067 929 eto.
1082 869 1166 928 Tune

100 987 189 1052 ergo,
199 971 354 1052 inquiunt,
365 971 751 1052 oocupahaturhposiolus
760 972 793 1035 in
801 971 976 1053 colligenda
983 987 1043 1051 pro
1050 969 1166 1034 sanetis

34 1121 36 1125 ψ
99 1076 288 1158 pauperibus
307 1075 576 1158 ierosolymitanis
590 1079 792 1157 eleemosyna
807 1099 816 1140 ι
830 1075 863 1139 in
877 1076 938 1138 hoo
955 1071 1031 1139 vero
1053 1075 1095 1138 ad
1107 1077 1166 1138 Ga·

99 1182 179 1246 latas
193 1182 345 1263 Epistola,
360 1198 428 1262 cap.
443 1188 482 1259 2,
497 1185 529 1253 l.
546 1188 603 1260 10,
622 1181 655 1245 id
666 1179 686 1246 ὀ
698 1197 734 1245 se
744 1182 811 1261 jnm
825 1182 1000 1261 perfeetum
1012 1196 1088 1245 esse
1103 1181 1166 1243 too·

100 1289 204 1368 tatur,
223 1303 299 1368 ergo
314 1287 383 1349 haeo
395 1285 447 1349 illa
460 1285 627 1366 posterior.

139 1390 175 1450 D.
203 1390 310 1451 tamen
339 1387 603 1467 chrysostomus,
627 1388 899 1469 Theophylaotns,
923 1385 957 1449 in
979 1388 1165 1466 argumento

100 1491 246 1572 Epistolae
259 1491 300 1553 ad
311 1494 487 1571 Romanos,
502 1491 672 1571 Duronius,
688 1494 766 1555 tom.
782 1509 809 1570 1,
821 1495 939 1571 negant
952 1493 1060 1559 Romo
1074 1489 1167 1571 ooip

99 1600 166 1661 tam
179 1613 266 1675 esse,
288 1596 361 1677 quia
373 1596 406 1659 in
418 1597 479 1658 hae
491 1596 629 1676 Epistola
641 1601 677 1661 D.
691 1597 806 1659 Paulus
819 1612 949 1676 suorum
969 1595 1164 1660 vinculorum

98 1718 164 1766 non
181 1701 338 1781 meminit,
361 1701 443 1765 siout
462 1700 495 1763 in
512 1700 579 1764 aliis
595 1700 740 1781 Epistolis
761 1704 867 1763 Romae
885 1699 1010 1780 seriptis
1034 1701 1164 1766 :volunt

98 1825 175 1888 ergo
189 1811 262 1872 ante
275 1795 446 1870 Romanam
459 1806 557 1870 fuisse
570 1806 719 1887 scriptam
728 1804 862 1887 Ephesi,
877 1806 927 1870 vel
940 1803 1102 1886 Philippis,
1113 1808 1164 1870 aut

97 1913 130 1978 in
143 1913 203 1978 alia
215 1914 293 1978 urbe
305 1914 447 1994 Graeoiae,
462 1931 514 1977 an.
529 1911 643 1977 Christi
656 1917 706 1977 58.

137 2017 223 2096 imo,
244 2019 436 2083 recentiores
455 2017 548 2097 aliqui
563 2035 633 2082 eam
647 2020 758 2098 putant
774 2018 934 2098 scriptam,
943 2020 1018 2083 nuto
1032 2018 1163 2098 primam

100 2122 139 2186 ad
149 2121 342 2199 Corinthios,
354 2141 405 2185 an.
418 2125 457 2186 55
470 2125 525 2185 aut
538 2125 588 2184 56.
604 2127 649 2184 lta
659 2128 694 2186 D.
710 2123 751 2186 de
763 2123 947 2198 Tillemont,
960 2122 1048 2200 quod
1058 2124 1162 2185 tamen

98 2245 163 2291 non
175 2227 286 2290 asserit
294 2229 329 2289 ut
340 2230 473 2291 certum.
485 2225 560 2288 Vide
570 2227 746 2302 Me'molres,
759 2236 813 2290 ete.
825 2236 895 2289 note
904 2229 943 2289 m
953 2246 1010 2288 sur
1019 2233 1054 2291 S.
1070 2226 1159 2290 Paul.

98 2332 185 2395 Idem
209 2329 371 2410 opinatur,
396 2327 568 2392 dubitando
588 2331 719 2408 tamen,
739 2333 849 2394 auctor
866 2331 1012 2412 hnalysis
1029 2337 1160 2413 (Arou-

98 2437 208 2510 ment).

136 2544 184 2603 Ex
197 2541 381 2622 supradictis
392 2540 545 2603 concludo
558 2536 644 2619 quod
653 2558 717 2604 non
726 2542 826 2622 possit
841 2539 930 2607 nerto
944 2544 1073 2608 definiri
1089 2543 1158 2623 uhi,

97 2649 131 2710 et
150 2645 275 2725 quando
293 2645 408 2725 scripta
421 2645 514 2708 luerit
531 2645 599 2708 haee
613 2645 768 2726 Epistola,
783 2664 873 2724 quas,
892 2648 998 2726 quoad
1015 2649 1097 2727 hoo,
1112 2649 1159 2711 est

97 2749 238 2813 omnium
256 2749 464 2830 Epistolarum
487 2752 522 2812 D.
544 2747 629 2811 Pauli
646 2747 868 2830 incertissima,
892 2751 935 2813 ait
959 2749 1157 2816 Cornelius&

97 2854 211 2933 Lepide
221 2854 253 2916 in
266 2852 458 2933 praelatione.

137 2962 244 3037 ltaque
253 2958 381 3036 praestat
389 2954 595 3034 ignorantiam
605 2956 703 3020 haoin
712 2974 747 3020 re
757 2958 968 3039 fateri,quam
978 2961 1066 3043 quod
1075 2961 1155 3043 igno·

98 3065 185 3126 ratur
194 3059 357 3123 affirmare.
