2512 4424
144 255 201 309 m
439 249 638 308 EPISTOLB
656 251 707 304 ΑΒ
723 248 918 306 steatitis

176 343 746 408 iios,laruan,mintsunsnedittteeioeta.
799 350 846 400 lt
861 343 1207 412 litiano-hp*

145 414 745 478 nmmpuospueommmmmm,
770 424 1039 489 mormannum,

146 484 181 534 oh
199 482 746 545 imperfectumiudietum,quodiihetper·

146 553 616 614 Witdvloemlodiiloerw
632 550 746 614 impulsu

147 624 500 686 etpersnasimcurhmtmc
822 685 830 700 ·
1108 684 1118 698 .

176 689 748 752 umdnnoemmmdhmopimmtae-
769 685 1208 740 ammteammennrcnc

147 759 747 820 hhetcirenmrentiquorisdoctrinaevento3
769 765 921 827 doctrina,
1218 795 1226 812 .

178 841 226 892 i¹er
242 840 416 892 seductionem
428 845 455 890 ct
471 838 597 890 talheim
611 839 747 889 hominm
769 841 798 894 in
815 841 941 909 nequitia
951 840 1118 906 hominnm,

147 923 401 1044 &mancunium
418 986 445 1031 et
460 981 581 1032 annuam
597 991 687 1028 eornm
701 980 746 1040 qui
769 980 798 1032 in
812 977 973 1041 astutia‚ad
996 975 1210 1032 cirmmrertiio·

147 1065 196 1103 noo
211 1054 397 1102 circumvenire
410 1056 436 1101 et
455 1052 483 1100 in
501 1049 636 1100 mmmtos
649 1059 747 1098 errore-s
769 1056 960 1110 mmsis,
1056 1085 1060 1091 .

148 1125 273 1172 conantur
287 1121 441 1184 pertrahere.

179 1283 363 1333 ilunosensum
372 1281 479 1345 explicat
486 1281 590 1343 quidem
596 1280 626 1330 it.
634 1277 790 1341 Augustinus
796 1277 861 1328 iihro
870 1277 1093 1339 adomnane,
1103 1278 1209 1341 eapti,

149 1353 195 1403 sed
210 1354 335 1414 priorem,
355 1363 433 1414 quem
455 1349 590 1399 litteralem
609 1349 736 1407 dmm,
753 1348 870 1410 praefert;
887 1352 913 1396 et
925 1346 988 1396 send
1001 1359 1094 1397 versus
1107 1358 1211 1410 aquam

148 1421 333 1486 preferendum
344 1420 448 1469 indicat.
460 1419 522 1467 Vide
534 1419 644 1467 Estinm.

180 1489 258 1539 Porro
272 1488 339 1538 maie
351 1500 382 1537 er
396 1487 446 1536 hoc
463 1485 520 1536 loco
536 1486 616 1547 aliqui
629 1485 766 1535 volumnnt
775 1482 872 1535 lnferrc
886 1484 1012 1542 feminas,
1027 1485 1136 1550 excqtti
1144 1484 1209 1536 hasti

150 1558 252 1620 Virgine
263 1556 388 1620 deipara,
403 1556 433 1604 in
447 1567 508 1604 sexu
521 1554 590 1604 rtrtii
602 1559 805 1614 rmunecturas,
819 1557 887 1604 inter
902 1568 967 1616 qous
983 1555 1091 1605 'lirina
1102 1558 1211 1606 recusa

150 1626 181 1676 lt.
200 1624 339 1684 Basiliam,
351 1623 494 1683 lliiarinm,
512 1621 681 1672 Athanasium
694 1641 703 1671 ι
718 1623 786 1672 inter
802 1623 965 1673 scholasticos
982 1624 1081 1674 citatum
1096 1623 1210 1677 Scotm

151 1693 267 1744 &melio
278 1694 294 1741 t
304 1692 406 1754 lapide.
1067 1736 1074 1742 .

181 1763 231 1813 Sed
240 1763 289 1812 hoc
297 1763 412 1822 rejicitur
418 1762 491 1823 quasi
501 1773 646 1821 enoncnm,
652 1762 719 1812 dent
728 1763 794 1810 ratio
802 1761 877 1811 Scoto
887 1761 1010 1812 adrihuta
1017 1761 1119 1814 dicenti
1129 1774 1209 1814 amun

151 1833 290 1883 femineum
300 1844 355 1881 esee
366 1835 464 1881 naturae
472 1833 580 1892 vitium,
593 1845 638 1880 seu
647 1830 862 1894 imperfectionem
874 1849 882 1880 ε
894 1835 933 1880 est
940 1833 1012 1881 enim
1022 1831 1152 1883 mturain
1160 1844 1210 1898 por·

151 1903 242 1963 tectio,
253 1913 400 1964 qumquam
412 1903 497 1950 minor
507 1901 585 1962 quim
597 1900 688 1950 virilis.
698 1900 761 1948 l'ide
775 1899 921 1949 cornelium
933 1900 950 1949 a
963 1900 1073 1963 lapide.

184 1988 222 2035 ti.
238 1987 268 2034 iit
277 1984 335 2047 ium
352 1996 403 2032 son
414 1981 577 2032 εἰκώ.
591 1986 686 2031 utnon
700 1981 812 2044 amplius
826 1984 908 2033 durus
919 1994 927 2031 t
939 1981 970 2031 il.
983 1982 1208 2047 Chrysestmnusot

152 2054 335 2114 Theodoretus,
346 2055 376 2101 ut
391 2054 446 2111 iam
457 2063 509 2099 non
524 2053 605 2100 simus
617 2050 736 2114 amplius.

182 2122 266 2171 Altera
280 2134 356 2171 causa
376 2132 421 2171 cur
438 2121 490 2169 siut
506 2121 661 2179 ministeria,
679 2131 725 2169 seu
740 2119 832 2170 clarior
846 2125 873 2170 et
888 2120 968 2172 fusior
985 2121 1125 2184 explicatio
1137 2129 1207 2172 muso

151 2192 323 2254 precedentis.

184 2266 215 2313 iit
230 2265 305 2326 jam,
321 2263 382 2314 clim
397 2263 495 2314 scilicet
509 2264 542 2315 nd
556 2265 626 2316 iliam
643 2266 822 2329 perfectionem
840 2265 956 2324 virilem,
975 2264 1008 2313 dc
1028 2278 1082 2327 qua
1101 2268 1130 2315 in
1143 2276 1205 2315 vesu

152 2333 321 2394 precedente,
336 2334 596 2395 pervenerimus,ncn
605 2338 686 2384 amns
693 2336 808 2397 porculi.
820 2334 863 2384 Gr.
875 2335 957 2397 pueri.
970 2333 1029 2396 Syr.
1042 2335 1147 2397 puerili,
1155 2335 1205 2398 tioc-

153 2407 265 2459 tucotes,
277 2402 303 2451 id
316 2405 369 2458 est,
384 2400 451 2450 leves
462 2405 487 2450 et
499 2405 672 2452 inconstantes
687 2407 713 2452 in
725 2403 783 2452 fide.

183 2469 321 2518 Puerorum
334 2473 434 2532 propria
445 2474 482 2519 cst
499 2470 588 2521 levitas
600 2476 627 2522 et
646 2473 773 2522 mobilitas
785 2473 883 2530 animi,
901 2471 934 2520 oh
949 2471 1134 2533 imperfectum
1149 2469 1203 2532 judi

153 2541 235 2600 cium,
247 2541 356 2601 ipsisque
369 2540 468 2600 quidvis
483 2541 612 2591 suadetur.

182 2614 216 2662 iit
225 2612 462 2674 circumferamur...
472 2613 515 2664 Gr.
530 2614 689 2675 circumlati,
704 2617 869 2676 circumacti,
884 2616 975 2677 quovis
988 2615 1117 2668 doctrinae
1129 2618 1203 2672 veno,

153 2681 219 2730 sicut
234 2684 305 2730 navis
315 2683 381 2730 inter
391 2682 482 2730 iiuctm
493 2686 518 2730 et
528 2687 617 2731 ventos
629 2684 767 2744 circumagi
778 2684 850 2733 solet.

152 2824 164 2870 t
183 2756 218 2872 11ιὶ
224 2756 344 2817 manilio.
356 2755 399 2805 Gr.
415 2755 439 2800 iv
451 2763 481 2821 cp
492 2756 587 2820 κυειίᾳ,
607 2763 634 2810 in
646 2759 719 2821 mea,
731 2759 870 2823 electione,
881 2762 909 2812 id
922 2765 975 2821 cst,
988 2763 1017 2810 in
1034 2761 1137 2814 fallacia
1148 2761 1203 2814 alet·

165 2834 192 2872 or
220 2836 249 2871 us
264 2824 365 2873 usitata.

182 2892 306 2952 Nequitia.
319 2891 362 2941 Gr.
373 2889 454 2937 sutria
465 2906 473 2938 ε
484 2891 586 2940 retentat
596 2896 717 2947 dicuntur
729 2901 774 2959 qui
793 2898 852 2949 talis
869 2901 988 2948 utuntur.
1006 2899 1083 2950 Tales
1096 2904 1157 2951 sunt
1170 2897 1204 2960 qui

153 2964 213 3010 sunt
227 2960 291 3010 vafri
311 2964 336 3010 et
350 2963 443 3022 astuti,
462 2968 594 3025 postquam
607 2971 760 3028 acceperunt
777 2969 966 3030 simpliciores:
985 2968 1024 3019 illi
1046 2974 1120 3022 enim
1134 2971 1204 3022 omniu

152 3034 323 3092 transponunt
337 3034 362 3080 et
376 3032 540 3082 transierunt.
557 3033 586 3082 D.
603 3035 805 3096 chrysostomus.

183 3097 288 3159 Gyhiam
299 3102 373 3148 vocat
383 3103 520 3149 versutiam
535 3114 580 3150 seu
596 3103 758 3154 calliditatem
768 3142 775 3165 ,
784 3108 821 3155 ait
836 3107 1019 3158 iheodoretus.

182 3165 278 3215 Nomen
293 3171 330 3216 est
345 3167 481 3218 deductum
494 3169 509 3217 d
522 3171 597 3219 verbo
608 3172 674 3231 quod
685 3173 809 3233 significat
817 3175 904 3224 ludere
914 3179 1031 3239 tesseris,
1043 3191 1091 3230 seu
1106 3178 1205 3240 tulisti

153 3232 221 3281 idem
229 3233 414 3296 l'hwdorctus,
426 3239 485 3297 quia
497 3240 627 3300 proprium
637 3244 675 3289 est
685 3241 769 3291 taliter
780 3242 924 3294 ludentium
935 3245 1051 3298 calculos
1059 3248 1115 3300 huc
1123 3252 1149 3299 et
1157 3245 1206 3298 iiiut

153 3300 302 3360 transferre,
317 3303 391 3363 idque
402 3304 501 3354 callide.

184 3368 381 3432 Theophylaetus
400 3371 429 3421 i).
447 3371 653 3435 chrysostomum
668 3391 714 3428 suo
736 3392 806 3429 more
825 3384 927 3430 secutus
938 3399 947 3429 ε
959 3382 1083 3443 cyhentae
1099 3385 1205 3437 dicuntur

152 3438 197 3496 qui
207 3436 264 3486 talis
275 3442 381 3489 utuntur
392 3458 400 3489 a
410 3440 555 3502 hujusmodi
566 3451 625 3495 sunt
636 3447 692 3496 falsi
702 3448 824 3509 doctores,
835 3454 1031 3512 transponentes
1041 3456 1206 3519 simpliciores.

153 3517 198 3554 scu
209 3505 288 3565 tales,
301 3511 376 3570 prout
386 3508 512 3560 voluerint
526 3531 534 3562 c
551 3513 760 3578 Theophyiactus.

182 3573 234 3624 iioc
247 3587 304 3636 crgo
315 3579 418 3625 nominc
428 3578 604 3632 hereticorum
616 3584 741 3634 fallaciam
753 3585 865 3647 designat
876 3591 902 3637 et
916 3590 1131 3646 inconstantiam.

181 3641 291 3693 Fallaces
301 3647 361 3694 sunt
370 3647 395 3693 et
405 3645 568 3710 fraudulenti,
578 3657 664 3715 utpote
672 3652 802 3713 aleatores,
812 3668 921 3715 quorum
928 3662 1065 3720 proprium
1076 3669 1115 3713 est
1124 3663 1205 3714 fallere.

182 3710 355 3761 inconstantes
365 3716 426 3761 sunt
435 3717 461 3761 et
470 3718 534 3765 varii
544 3753 551 3776 ,
561 3722 654 3782 quippe
670 3721 752 3771 aleam
763 3721 859 3773 faciunt
873 3724 904 3774 de
913 3724 965 3776 tide
974 3764 982 3788 ,
992 3733 1019 3777 et
1029 3735 1104 3790 quasi
1116 3730 1206 3781 adalta

151 3780 247 3838 iactum
260 3782 361 3828 mutant
376 3779 460 3829 fidem.

183 3850 213 3896 ia
226 3849 333 3903 astutio,
348 3859 391 3928 seu
414 3845 601 3902 irenaceorum
619 3856 751 3908 hominum
767 3862 810 3920 qui
825 3863 910 3911 omnia
927 3867 1044 3928 tentam,
1066 3873 1095 3919 ut
1107 3880 1150 3932 per
1164 3868 1205 3915 im·

155 3919 282 3976 posteram
297 3927 343 3965 nos
357 3919 556 3968 cucumreniant
567 3923 593 3971 et
605 3923 632 3974 in
643 3937 753 3978 errorem
768 3929 902 3983 abducant.
