2512 4424
51 297 66 322 ·.
517 259 745 324 abhibito.
1110 269 1164 322 noa

138 361 179 425 lit
196 359 540 442 quia-pseudoapostoli
562 365 773 445 apostolatum
793 359 889 425 Paulo
907 356 1160 441 denegaverant,

97 466 173 530 hino
184 483 302 546 magno
312 466 433 546 animo,
448 467 555 531 statim
573 468 687 548 inipso
701 467 847 548 llpistolae
860 465 1011 546 exordio,
1023 466 1163 530 ostendit

96 589 134 636 se
147 587 215 634 non
230 569 336 634 minus
359 569 453 651 quam
473 571 551 636 alios
573 573 760 653 Apostolos,
779 573 989 653 apostolatum
1006 569 1025 635 d
1039 563 1162 636 Christo

95 675 417 757 bominoacoepisse3
428 672 574 740 imdcom
584 675 645 738 bac
658 676 784 756 speciuli
796 675 1068 758 sibipraerogativa
1078 675 1161 758 qudd

96 778 118 844 l
133 780 260 844 Christo
273 780 429 860 glorioso,
447 783 481 844 et
499 779 532 843 in
552 779 640 845 ooelis
651 782 824 861 regnanto,
842 796 936 844 suum
953 782 1163 862 apostolatum

70 946 72 951 ,
98 885 275 967 acceperit,
290 889 323 958 i.
336 895 364 950 1.

136 993 244 1074 Pergit
259 991 457 1056 ostendendo
467 1009 503 1056 se
515 992 593 1056 nibil
604 990 687 1055 aliud
697 991 811 1056 docere
823 990 918 1072 qulm
931 991 1016 1072 quod
1029 992 1162 1059 doceant

97 1101 226 1177 Petrus,
243 1101 379 1161 loannes
389 1100 423 1160 et
440 1098 589 1177 lacobus,
603 1113 701 1177 seque
713 1112 839 1177 semper
852 1097 964 1162 eadem
979 1097 1117 1162 sensisse
1131 1104 1164 1162 et

96 1202 257 1266 docuisse.

136 1309 249 1371 Narrat
263 1306 392 1387 insuper
404 1305 480 1386 quid
492 1306 551 1386 ipsi
564 1305 711 1370 acciderit
727 1305 899 1370 Antiochiae
915 1307 997 1370 circa
1015 1309 1160 1386 Petrum3

97 1410 196 1490 tomo,
212 1410 287 1492 quia
298 1412 417 1475 tactum
429 1411 492 1474 boc
504 1409 659 1475 malitiose
671 1412 805 1474 relatum
818 1411 920 1474 luerat
933 1409 951 1474 d
964 1412 1163 1494 pseudoapo-

98 1519 210 1598 stolis,
223 1517 335 1599 etipsa
350 1517 559 1581 abutebantur
571 1516 763 1580 aderrorem
780 1535 884 1582 sumn.

136 1623 257 1688 Deinde
264 1621 373 1686 multis
387 1621 552 1701 scnpture
563 1620 754 1684 testimoniis
768 1624 800 1684 et
810 1621 983 1687 rationibus
995 1623 1107 1704 probat
1116 1623 1163 1686 le-

99 1728 216 1809 galium
224 1725 488 1808 :caeremoniarum
502 1724 752 1789 insufficientiam
771 1727 804 1789 et
817 1726 1018 1790 inutilitatem
1030 1727 1071 1790 ad
1083 1729 1163 1792 salu-

98 1838 180 1914 tem3
195 1831 358 1895 hominem
370 1827 447 1895 verd
460 1845 503 1893 ex
514 1829 578 1893 fide
591 1829 705 1893 Christi
716 1828 892 1907 iustificari.

136 1939 187 2001 Sic
199 1939 306 2000 autem
323 1936 445 1999 Galatas
463 1934 557 1997 docet
569 1934 627 1997 has
640 1932 808 2009 veritates,
819 1935 897 1997 utet
910 1951 967 1998 eos
981 1936 1162 2015 frequenter

98 2042 244 2106 hortetur
257 2042 298 2106 ad
313 2039 500 2106 sonandam
520 2037 553 2101 in
569 2055 627 2102 sua
640 2037 776 2118 puritate
790 2037 897 2101 iidem.

136 2147 293 2228 benique,
306 2162 431 2228 proauo
440 2142 710 2222 more,inultimis
719 2144 893 2225 presertim
903 2145 1066 2227 capitibus,
1076 2149 1162 2214 varia

99 2252 181 2316 cirea
193 2268 300 2316 mores
312 2251 433 2331 praehet
448 2250 647 2313 documenta.

136 2357 239 2435 liuius
253 2355 349 2435 igitur
361 2353 506 2434 Epistolae
519 2355 740 2433 argumentum
757 2354 967 2435 precipuum,
984 2356 1065 2420 sicut
1078 2359 1111 2421 et
1123 2357 1162 2420 il-

99 2460 158 2524 lius
168 2477 240 2540 que
252 2459 293 2523 ad
305 2461 481 2537 Romanos,
495 2460 546 2522 est
564 2456 726 2528 hominem
737 2474 803 2521 non
816 2459 954 2539 exlege,
968 2461 1027 2523 sed
1045 2478 1087 2524 ex
1098 2461 1161 2524 tide

101 2565 215 2630 Christi
226 2562 403 2645 iustificari.
916 2622 924 2632 x

138 2672 218 2735 ilinc
233 2667 371 2734 hmultis
381 2666 530 2749 aspicitur
537 2665 628 2747 quasi
639 2665 785 2747 Epistoloe
795 2666 835 2729 ad
846 2667 1003 2730 Romanos
1016 2683 1160 2749 compen-

100 2777 187 2841 dium
199 2779 233 2840 et
245 2774 402 2856 epitome,
416 2773 533 2836 multas
548 2772 669 2835 babens
681 2787 755 2835 cum
767 2769 819 2834 illa
830 2785 1014 2833 communes
1031 2773 1160 2835 sentem

99 2881 177 2961 tias,
196 2880 356 2959 rationes,
372 2879 503 2958 phrases
516 2879 549 2940 et
563 2876 734 2940 discursus.

137 2989 218 3050 Cum
227 2984 298 3046 boc
314 2985 421 3045 umen
441 2980 635 3058 discrimine,
653 2976 738 3059 qudd
751 2978 784 3042 in
800 2978 937 3059 Epistola
950 2976 990 3041 ad
1004 2979 1159 3043 Romanos

61 3122 64 3127 ⁴
100 3090 214 3153 Paulus
235 3087 339 3168 arguit
351 3089 417 3149 tam
432 3085 556 3148 ludaeos
570 3084 665 3164 qudm
684 3083 840 3164 Gentiles,
854 3082 906 3146 hic
919 3083 1003 3146 solas
1016 3080 1131 3147 Gentes
1151 3108 1159 3147 ε

100 3194 141 3258 rbi
150 3192 254 3273 rejicit
266 3208 377 3272 opera,
390 3193 461 3254 tum
473 3193 610 3269 nature,
624 3192 694 3252 tum
703 3187 801 3268 legis3
815 3184 867 3251 hic
876 3185 954 3267 legis
967 3184 1109 3266 tantum,
1125 3193 1160 3250 ut

102 3294 600 3376 fidemetoperafideistabiliat.
1245 3377 1247 3382 Ι

138 3398 272 3469 buverd
280 3401 348 3462 baec
356 3399 396 3461 ad
403 3399 525 3476 Galatas
533 3397 670 3478 Epistola
676 3395 870 3476 precesserit
879 3395 1048 3475 Epistulam
1058 3395 1099 3458 ad
1105 3399 1163 3459 Ro·

102 3524 230 3585 manos,
243 3523 283 3570 an
293 3504 463 3567 subsecuta
472 3501 580 3580 luerit,
591 3517 643 3564 res
653 3508 703 3563 est
712 3500 795 3580 apud
804 3502 948 3562 auctores
957 3497 1047 3562 valde
1056 3498 1160 3567 dubia.

139 3607 338 3691 Exemplarie
350 3605 584 3688 greca,versio
591 3604 713 3686 syriaca
721 3607 755 3668 et
767 3602 889 3666 arabica
897 3605 1003 3665 Romae
1015 3601 1162 3680 scriptam
1197 3603 1209 3617 '
1248 3590 1253 3594 ’

103 3717 257 3782 asserunt.
273 3712 361 3775 ldem
373 3709 530 3774 affirmant
546 3706 780 3776 bathanarius
792 3706 826 3769 in
840 3704 971 3786 synopsi
984 3708 1038 3783 ‚lb
1053 3701 1162 3762 Hiero

103 3837 232 3901 aymus,
251 3814 469 3879 Theodoretus
489 3813 523 3879 in
541 3810 723 3895 praelatione
736 3808 942 3890 Epistularum
955 3810 989 3869 D.
1006 3801 1107 3876 Pauli,
1127 3803 1162 3860 et

103 3927 172 4000 post
185 3923 272 4003 ipsos
287 3917 402 3982 listins.
