2512 4424
1126 120 1142 147 .
1214 111 1223 124 ἱ

146 243 198 294 au
444 241 647 294 nerstein
668 241 715 294 an
732 241 910 318 carinis
952 302 962 314 x

177 346 241 396 Caro
252 347 321 395 enim
339 358 384 395 seu
398 350 601 410 concupiscentia
611 385 618 409 ,
630 350 655 397 et
672 347 747 410 spiri·
803 351 848 400 17.
861 349 929 400 caro
944 343 1020 398 euim
1035 339 1210 408 concupiscit

146 421 188 464 tus
211 425 255 463 seu
277 416 356 475 gratia
374 414 490 466 feruntur
509 418 536 465 in
557 416 669 476 diversa3
687 426 746 464 caro
768 422 901 476 adversus
924 421 1065 488 spiritum,
1095 418 1211 486 spiritus

148 483 275 532 insuavia
291 481 370 531 iertur
378 503 385 542 ς
401 485 505 546 splr'itus
519 485 547 532 ln
565 487 670 543 sancta;
687 496 745 532 carn
768 510 861 556 autem
874 499 1007 555 advefflqs
1018 513 1147 562 carnem

145 550 258 600 carnalia
270 552 405 613 desiderem
414 555 516 615 spiritus
529 553 683 617 spiritualia,
696 566 747 603 coe·

145 618 235 680 lestis,
248 624 341 670 aterna
354 639 361 670 r

177 786 321 846 Nondum,
336 771 459 838 desiduis
473 790 571 852 carnu3
589 803 633 839 seu
649 802 740 852 pravos
755 789 966 850 concupiscentia
981 787 1081 842 molus,
1095 794 1149 831 non
1162 780 1211 831 ha-

66 863 72 869 ·
146 852 254 916 hehitis,
269 869 322 905 nou
335 859 447 907 sentietis
460 877 466 906 ι
480 859 529 908 hoc
545 861 614 909 enim
637 860 665 908 in
682 858 731 908 hac
755 859 808 908 vita
829 855 991 915 inevitabile;
1005 853 1049 903 sed
1066 866 1117 901 non
1131 850 1211 913 perd-

147 923 228 982 uctis,
239 927 285 973 aut
300 938 424 975 consensu
434 963 441 986 ,
453 925 563 985 scilicet,
576 926 693 984 interno,
704 928 750 974 aut
765 928 824 974 actu
840 929 942 973 externo
950 921 1057 984 ;quod‚
1069 919 1210 970 secundum

147 991 233 1042 Sancti
248 993 356 1057 Spiritus
367 994 507 1057 impulsum
517 996 631 1044 viventes
640 1032 647 1055 ,
657 993 730 1044 facile
740 995 887 1044 vitabimus.

178 1075 340 1125 Camsrrlun
366 1088 536 1126 unaimrarrs
556 1076 818 1138 sarsoris-Spiritu
835 1087 892 1136 ergo
910 1070 1210 1132 ambulare,christiana

147 1144 206 1190 vltae
221 1156 321 1192 summa
333 1146 370 1192 est
380 1180 388 1202 ,
400 1148 425 1192 et
436 1148 530 1193 sancta
548 1144 698 1193 moralitatis
712 1146 830 1206 epitome.
843 1144 893 1192 lloc
907 1155 988 1192 unum
1007 1143 1029 1190 sl
1043 1140 1102 1200 liat,
1116 1150 1210 1188 coneu-

146 1211 269 1274 piscenlia
282 1215 406 1272 vincitur,
423 1213 532 1263 charitas
544 1214 664 1275 perpetuo
675 1215 756 1275 magle
768 1227 799 1264 ac
810 1213 891 1275 magis
904 1212 1062 1262 accenditur.

178 1280 285 1331 uthina
304 1280 414 1343 intellige
435 1295 482 1332 cur
498 1285 525 1331 ln
541 1282 703 1342 Pentecoste,
715 1284 743 1331 in
760 1282 960 1345 promulgatione
978 1280 1041 1343 legis
1060 1275 1211 1340 evangelica

147 1349 265 1398 omnihus
280 1348 395 1399 fidelihus
409 1349 516 1412 Spiritus
535 1349 644 1401 Sanctus
665 1353 698 1401 slt
710 1350 784 1401 datus
794 1370 803 1412 ;
814 1352 899 1412 curin
912 1350 1057 1412 Baptismo,
1073 1347 1211 1406 unicuique

147 1417 214 1468 ildeli
226 1416 300 1466 datur
313 1418 421 1479 Spiritus
435 1417 552 1467 Sanctus.

178 1485 378 1536 Christianorum
399 1488 502 1549 spiritus
522 1491 559 1537 est
577 1500 649 1538 amor
660 1509 669 1550 3
681 1489 743 1538 hine
759 1487 878 1537 omnihus
893 1490 919 1535 et
937 1482 1043 1547 singulis
1061 1481 1211 1534 Christianis

148 1554 224 1603 datur
236 1554 344 1616 Spiritus
357 1555 481 1616 Sanctus,
494 1554 550 1605 ioris
562 1559 664 1607 amoris.
1113 1608 1115 1613 .

180 1623 330 1674 christinae
342 1627 401 1674 vlla
412 1638 512 1674 summa
526 1629 577 1685 est,
587 1628 681 1689 spiritu
700 1622 834 1676 ambulare
850 1624 933 1674 :hine
949 1622 1054 1673 cuilibet
1068 1623 1211 1672 Christiano

148 1693 223 1743 datur
236 1694 343 1756 Sphitus
357 1695 479 1762 Sanctus,
491 1699 520 1745 ut
531 1696 670 1746 secundum
688 1697 756 1746 illius
768 1694 905 1759 impulsum
922 1699 947 1744 et
963 1695 1094 1743 dictamen
1107 1695 1209 1750 vivens,

147 1766 376 1826 concupiscentiam
387 1767 487 1828 vineam
501 1770 527 1816 et
541 1770 662 1830 tanquam
674 1766 741 1816 illius
752 1767 813 1828 llel,
830 1769 858 1816 in
870 1765 992 1822 charitate
1005 1768 1031 1813 et
1043 1776 1075 1812 ex
1091 1763 1210 1814 charitato

147 1836 224 1890 rival.
955 1888 958 1894 ,

177 1903 283 1954 littende
290 1904 336 1955 tibi
346 1944 353 1967 ,
363 1905 504 1956 Christiane
515 1942 523 1966 ,
534 1909 648 1968 qulsquls
659 1909 708 1967 sis;
722 1905 845 1969 Spiritum
856 1905 978 1954 Sanctum
989 1906 1017 1953 in
1033 1903 1163 1966 Baptismo
1171 1938 1178 1963 ,
1185 1906 1208 1950 et

148 1974 253 2037 peralta
267 1981 423 2028 sacramenta
437 1977 528 2039 sapide
540 1980 664 2040 recepisti.

177 2043 216 2092 An
227 2048 327 2094 tantum
335 2045 483 2095 thesaurum
496 2045 598 2096 sedulus
612 2050 637 2096 ei
650 2049 761 2096 attentus
772 2057 906 2094 conservas
916 2045 943 2092 in
959 2042 1108 2094 cordetuo?
1118 2044 1207 2093 tumen

148 2115 271 2163 cordium.

178 2181 216 2229 An
226 2184 296 2241 juxta
308 2181 411 2230 luminis
421 2181 488 2230 illius
500 2182 625 2231 dictamen
638 2186 662 2229 et
673 2183 756 2230 molus
768 2180 902 2230 ambulas?

178 2250 225 2298 Sed
239 2250 253 2297 e
269 2255 369 2309 contra,
386 2251 509 2310 numquid
523 2251 571 2300 hoc
583 2250 669 2298 lumen
679 2287 685 2307 ,
697 2249 816 2311 Spiritum
829 2254 946 2298 sanctum
958 2251 1116 2310 exstinguis?
1129 2246 1205 2310 Spiri-

147 2324 201 2365 tum
212 2317 288 2367 uolite
302 2320 444 2380 exstingere.
456 2319 583 2380 Numquid
594 2319 656 2368 dura
668 2320 765 2367 cervice
774 2319 876 2380 Spiritui
889 2324 976 2368 sancto
989 2321 1105 2369 resistis?

177 2387 234 2435 llaec
248 2390 285 2434 est
297 2389 411 2435 omnium
427 2386 552 2435 malorum
566 2392 709 2436 nostrorum
723 2385 794 2434 radix
809 2391 834 2434 et
846 2399 930 2435 cansa.

176 2454 208 2503 Ut
224 2467 280 2515 ergo
292 2456 323 2503 lis
334 2455 451 2503 omnihus
465 2455 541 2503 simul
553 2456 717 2515 medeamur,
732 2457 764 2503 sit
783 2454 856 2503 nohis
871 2468 932 2504 cura
942 2492 949 2515 ,
961 2455 1057 2516 spiritu
1069 2453 1202 2504 ambulare.

176 2524 227 2573 iloc
243 2528 271 2572 ut
282 2523 341 2583 liat,
356 2524 454 2585 primo,
467 2524 508 2573 dic
519 2537 583 2584 saepe
600 2543 606 2573 ι
622 2521 683 2571 Veni
694 2562 701 2583 ,
713 2525 804 2572 Sancte
815 2523 937 2586 Spiritus,
946 2528 993 2573 etc.
1008 2524 1116 2574 Domine
1131 2524 1200 2579 lesu,

146 2593 216 2643 hunc
226 2597 309 2655 ignem
328 2595 355 2641 in
366 2593 440 2641 corde
455 2605 511 2641 meo
525 2593 648 2653 accende,
661 2604 738 2654 quem
751 2593 842 2642 venisti
853 2595 971 2653 mittere,
984 2597 1010 2641 et
1022 2606 1099 2654 quem
1110 2592 1201 2642 voluisti

146 2662 307 2712 vehementer
315 2663 341 2710 in
351 2662 425 2710 nohis
438 2661 552 2711 accendi.

177 2731 308 2792 Secundo,
320 2731 420 2797 attende
430 2731 463 2787 ad
472 2731 556 2780 Sancti
568 2730 675 2795 Spirinls
685 2732 798 2781 internos
812 2729 950 2793 impulsus,
963 2735 988 2781 et
1001 2733 1075 2791 juxta
1088 2730 1144 2782 illos
1153 2743 1200 2781 am·

146 2801 214 2850 hula.

179 2888 215 2931 17.
232 2883 296 2932 curo
307 2883 372 2930 enim
384 2883 571 2944 concupiscit...
583 2881 639 2944 Syr.
650 2881 775 2943 slquidem
786 2893 844 2931 caro
859 2882 1016 2941 concupiscit
1026 2880 1054 2930 id
1064 2882 1132 2944 quod
1143 2881 1199 2932 ledit

146 2953 280 3012 spiritum,
293 2952 318 2997 et
333 2951 434 3009 spiritus
446 2950 599 3011 concupiscit
612 2949 637 2997 id
648 2950 715 3010 quod
726 2949 793 2999 laedit
805 2961 926 3009 carnem;
937 2953 963 2998 et
975 2953 1082 3012 uterque
1092 2956 1151 3001 sunt
1160 2949 1198 2999 sihi

147 3023 255 3068 invicem
266 3020 399 3077 contrarii,
414 3022 505 3067 utnon
517 3016 585 3079 quod
596 3019 674 3068 vultis
683 3056 690 3079 ‚
700 3019 807 3068 faciatis.

176 3087 350 3149 Diri‚spiritu
366 3086 494 3136 ambulate
499 3105 510 3148 ,·
521 3090 649 3154 ipsiusque
668 3092 753 3142 motus
770 3089 910 3148 sequamini
923 3107 930 3136 :
944 3093 967 3136 et
985 3089 1070 3138 curnis
1087 3086 1197 3139 aeduus

146 3170 176 3205 ne
185 3155 337 3218 perficietis,
349 3169 393 3204 seu
407 3159 714 3227 eoncupiscenllaepravos
725 3162 809 3217 molus
823 3169 875 3205 non
886 3160 1031 3218 sequamini
1044 3178 1051 3206 ι
1063 3162 1088 3207 et
1096 3159 1197 3209 nonsiue

147 3237 222 3273 causa
237 3223 287 3272 diri
299 3244 306 3283 ;
318 3224 442 3284 siquidem
458 3227 576 3273 contrarii
588 3228 648 3273 sunt
659 3227 761 3286 spiritus
775 3228 800 3274 et
816 3226 901 3275 carnis
913 3230 1001 3274 motus
1014 3227 1043 3275 ln
1057 3227 1138 3277 nohis.

178 3299 241 3346 Caro
256 3298 320 3350 cuim
330 3298 508 3359 concupiscit...
522 3297 583 3346 Vide
594 3299 777 3360 paraphrasim.

178 3373 241 3420 Coro
255 3370 297 3429 hlc
312 3371 436 3432 signifieat
449 3373 694 3432 concupiscentiam,
707 3375 759 3422 slve
770 3372 813 3422 illa
829 3375 861 3423 sit
875 3375 903 3427 in
919 3377 1035 3436 appetitu
1050 3373 1196 3436 concupisci·

148 3439 189 3488 hili
200 3476 207 3499 ,
219 3438 299 3500 qualis
312 3438 350 3488 est
360 3443 484 3503 appetitus
495 3440 558 3501 gula
570 3446 594 3489 et
606 3441 711 3491 luxuriae
724 3463 731 3503 ;
744 3445 796 3492 sive
808 3446 840 3492 sii
852 3446 879 3492 in
891 3446 1004 3508 appetitu
1016 3448 1136 3494 sensitivo
1144 3445 1195 3491 irae

146 3506 212 3558 cthli
223 3544 230 3567 ,
242 3507 322 3568 qualis
333 3514 370 3557 est
378 3513 504 3572 appetitus
517 3510 635 3571 invidia,
648 3513 706 3560 irae:
718 3513 770 3561 sive
779 3514 812 3561 sit
824 3515 900 3561 etiam
913 3516 940 3562 in
954 3516 1071 3577 appetitu
1082 3509 1194 3566 rationali.

145 3576 226 3638 qualis
237 3580 274 3625 est
282 3580 406 3640 appetitus
419 3579 513 3640 gloriae.

175 3646 233 3696 iiaec
252 3650 452 3709 concupiscentia
471 3651 497 3697 ln
511 3659 662 3761 {uacunque
678 3650 710 3696 sit
728 3652 820 3700 animae
833 3654 945 3713 potentia
959 3651 1067 3715 (omnes
1078 3654 1145 3702 enim
1156 3649 1194 3697 hoc

146 3713 267 3763 fermento
287 3720 347 3763 sunt
366 3709 463 3764 inlecta
474 3714 495 3776 ),
533 3715 608 3762 icitur
625 3729 668 3776 per
684 3716 902 3777 synecdochem
921 3723 1014 3781 potiori
1029 3726 1113 3783 parte,
1127 3722 1192 3771 Ceto,

145 3785 203 3845 quia
215 3782 337 3844 praecipue
351 3784 377 3831 ln
388 3794 463 3831 carne
474 3784 608 3843 sensitiva,
619 3798 664 3832 sua
679 3787 768 3839 excitat
780 3785 913 3835 desideria.

175 3848 288 3896 Diversos
301 3853 384 3897 motus
397 3854 492 3898 natura
501 3856 525 3899 et
535 3854 621 3911 gratie
635 3853 691 3901 vide
703 3854 850 3914 simpliciter
862 3892 868 3914 ,
881 3856 925 3905 sed
937 3856 1016 3908 solide
1030 3856 1161 3919 descriptos
1172 3853 1192 3898 lu

146 3915 208 3967 llhro
220 3920 243 3966 3.
253 3915 283 3965 de
296 3916 436 3968 imitatione
449 3918 555 3980 Christi,
570 3934 623 3984 cap.
636 3924 674 3970 tt.
940 3922 943 3927 ’
1116 3928 1118 3933 “
