2512 4424
355 238 526 325 sarasar
543 272 762 329 arsosrrro.
781 274 862 329 car.
881 277 904 328 i.
1107 277 1161 331 aaa

101 365 169 426 tata,
179 365 316 424 missione,
327 362 455 425 doctrina,
472 366 641 427 suspicionem
652 380 773 430 purgare,
787 367 839 418 imd
853 372 878 419 et
895 366 995 420 studeat
1005 366 1123 431 operibus
1135 371 1162 420 at

101 432 185 483 verbis
202 434 374 499 intentionum
383 445 487 483 suarum
498 435 678 485 rectitudinem
697 436 832 489 declarare.

129 500 221 552 Pareat
231 498 349 553 omuibus
361 503 497 552 auctoritas
510 504 563 562 eius
578 503 691 566 legitima
705 523 712 554 ε
724 505 792 567 qubd
802 518 854 556 non
865 507 899 556 sit
907 507 1023 556 intrusus
1032 506 1073 565 ri,
1084 502 1160 562 dolo.

101 569 238 620 hominum
256 569 398 632 lavore,ab
409 570 572 632 hominibus,
588 576 614 621 et
630 584 675 635 per
685 571 800 623 homines
810 574 885 624 solos.

129 639 218 691 Pateat
228 642 284 701 elus
293 643 380 691 rnlssio
392 641 425 691 ab
437 640 584 691 hominibus
599 642 736 704 legitimam
749 645 923 694 auctoritatem
934 643 1095 694 habentibus.

129 708 218 760 l’ateot¹
232 712 287 771 eius
303 710 425 760 doctrinar
440 714 555 773 puritas,
567 715 593 762 et
605 725 665 762 cum
679 712 820 773 evangelica
831 712 946 763 doctrina
957 713 1129 765 conformitas.

128 778 219 830 Pateat
234 782 272 838 et,
291 782 415 842 quantum
428 777 465 829 ias
478 784 532 840 est,
549 781 720 831 intentionum
733 780 1032 843 illiusrect1tudo=quod
1044 793 1096 830 uon
1114 793 1161 832 sua

101 853 213 912 quaerat,
230 848 274 898 sad
284 848 328 898 llel
337 848 457 910 gloriam,
468 851 493 897 et
505 848 612 899 salutem
625 853 780 899 animarum.

129 917 189 968 llaec
200 919 270 967 enim
281 919 421 967 necessaria
431 919 459 967 lu
472 917 601 980 Evangelii
614 920 748 980 ministro,
761 921 791 968 ut
801 920 829 968 in
844 917 953 969 Ecclesia
963 917 1007 967 liei
1018 917 1157 970 nucuhcat

101 1069 110 1120 ¹
129 1002 297 1053 Secutae·
306 1001 336 1052 In
350 1001 399 1053 hoc
411 1001 499 1052 eodem
511 1003 593 1066 caphe
602 1006 663 1053 nota
679 1001 833 1066 donandum
842 1002 935 1052 divina
949 1003 1035 1065 gratia
1049 1001 1161 1053 miraeo·

111 1084 163 1120 nm.

127 1138 224 1190 Paulus
232 1138 346 1201 iudans,
358 1138 474 1191 intensus
486 1138 688 1190 Christianorum
703 1136 800 1200 hostis,
811 1141 837 1189 et
852 1137 939 1188 iurans
948 1140 1110 1202 panemicr,
1121 1137 1161 1187 di·

99 1207 158 1258 vina
168 1206 264 1258 Christi
281 1208 377 1271 maht,
388 1208 418 1259 iit
432 1210 504 1273 quasi
523 1211 551 1259 ln
568 1213 698 1261 momento
709 1207 868 1259 Christianus
886 1212 912 1258 et
925 1207 1016 1257 ardens
1031 1205 1160 1270 Evangelii

99 1277 260 1340 praedicator.

127 1347 221 1399 ilthoo
230 1346 383 1398 miraculum
391 1347 484 1399 melitis
494 1360 633 1411 agnoscas,
644 1348 747 1400 adverte
757 1361 788 1399 ex
801 1360 830 1398 n.
844 1351 872 1398 ta
884 1350 911 1397 et
923 1348 966 1409 ii,
979 1350 1041 1410 quot
1051 1349 1123 1398 erant
1131 1348 1160 1397 in

100 1416 177 1466 Paulo
188 1415 316 1467 obstacula
331 1418 417 1479 mita
430 1433 437 1467 a
449 1419 504 1478 eius
518 1420 545 1468 iu
554 1417 681 1478 ludaismo
691 1420 827 1479 nativitas,
839 1416 970 1476 educatio,
984 1418 1120 1467 continuus
1131 1417 1159 1465 in

96 1485 201 1546 judaica
211 1484 331 1548 religione
342 1499 418 1549 supra
431 1499 490 1536 suos
506 1490 645 1537 coetaneos
655 1499 817 1550 progressus,
829 1490 855 1536 et
863 1486 895 1536 ob
906 1485 947 1548 ld,
959 1486 1027 1537 illius
1036 1488 1102 1536 luter
1113 1483 1159 1536 Ju-

98 1556 165 1607 daos
178 1555 284 1606 illustris
302 1556 368 1605 tama
388 1559 413 1605 ct
426 1557 586 1606 existimatio.
710 1593 713 1599 .

127 1625 199 1676 Adde
210 1662 218 1687 ,
228 1628 254 1676 at
266 1625 334 1675 illius
345 1625 436 1676 ardens
454 1626 565 1688 antiqua
578 1624 707 1688 religionis
725 1626 806 1688 selus,
816 1626 903 1676 odium
921 1627 948 1676 ln
962 1637 1070 1685 novam,
1090 1627 1116 1675 et
1130 1627 1158 1674 in

98 1694 241 1746 Ecclesiam
251 1695 415 1746 christianam
425 1694 494 1746 turer
505 1714 514 1758 i
526 1695 635 1757 denique
647 1695 773 1746 declarata
784 1732 792 1756 ,
804 1700 830 1746 et
840 1696 959 1746 omnibns
977 1699 1037 1745 nota
1050 1696 1078 1744 in
1088 1693 1159 1744 illam

97 1767 251 1829 permeatis.

127 1834 210 1896 onim
224 1838 314 1899 potam
330 1837 407 1898 igitur
421 1838 447 1886 at
464 1835 551 1886 efficax
567 1835 661 1886 Christi
683 1838 778 1897 gratia,
789 1846 846 1897 quor
862 1835 917 1885 hac
929 1835 1016 1885 omnia
1037 1831 1114 1883 simul
1130 1834 1158 1882 in

96 1902 175 1954 Paulo
190 1905 311 1966 vincens,
321 1917 351 1955 ex
366 1916 433 1956 aava
453 1908 612 1968 persecutore
630 1903 688 1954 iecit
704 1904 834 1954 ardentem
854 1903 1062 1966 praedicatorem,
1076 1912 1107 1951 es
1117 1902 1160 1963 iu-

97 1972 190 2022 dalsmi
205 1972 349 2033 defensore,
363 1973 421 2024 iecit
430 1973 559 2035 Evangelii
571 1972 717 2035 Apostolum
727 1973 924 2023 zelantissimum
936 1974 942 2021 Ι

126 2043 234 2094 Vocsvlt
245 2044 305 2093 eum
316 2043 429 2095 Christus
442 2045 558 2093 exteriori
570 2047 595 2092 et
605 2045 718 2092 interiori
729 2055 805 2103 voce,
817 2044 933 2091 animum
946 2043 1001 2102 elus
1017 2037 1111 2090 cialesti
1120 2035 1160 2086 lu-

96 2113 167 2164 mine
178 2111 332 2173 illustravit,
346 2124 389 2162 cor
399 2112 490 2163 divinis
504 2111 615 2161 motibus
633 2113 795 2171 immutavit,
808 2114 833 2160 et
844 2112 930 2160 statim
941 2109 1048 2169 Saulus,
1060 2108 1160 2170 spirans

95 2184 229 2237 mianum
246 2185 272 2232 et
288 2181 363 2232 cedis
383 2183 411 2232 in
431 2180 522 2231 Christi
540 2179 693 2244 discipulos,
710 2180 740 2231 iit
754 2183 807 2244 ipse
826 2178 967 2244 discipulus
985 2182 1011 2228 et
1026 2175 1160 2242 Aposwlus

98 2251 191 2303 [bristi
206 2271 214 2300 ι
228 2252 346 2310 Domine,
356 2251 418 2314 qaid
432 2264 471 2301 me
485 2251 524 2300 aih
534 2249 637 2312 secere?

126 2322 180 2372 lloc
191 2319 348 2371 miraculum
364 2323 474 2381 mirare,
488 2332 602 2370 reverere
612 2357 620 2381 ,
632 2323 658 2370 et
670 2319 702 2371 oh
720 2318 800 2381 illud,
817 2321 877 2382 quia
892 2319 939 2368 toti
952 2316 1057 2380 quidem
1073 2310 1160 2366 Eccle-

96 2391 156 2452 sia,
170 2393 197 2440 et
209 2389 335 2453 precipue
347 2388 467 2440 Gentibus
480 2387 558 2449 utile,
569 2393 597 2439 tu
617 2388 708 2439 natura
721 2388 838 2450 gentiiis,
851 2387 902 2436 beo
917 2387 1010 2447 gratias
1022 2395 1082 2444 ago,

124 2459 207 2521 Euius
218 2460 328 2521 potentis
336 2461 420 2520 gratia
436 2457 557 2508 auxillum
571 2457 692 2520 implora,
704 2461 734 2507 ut
743 2459 828 2507 omnio
841 2458 868 2506 in
883 2457 909 2504 te
921 2453 1011 2504 saluth
1030 2445 1160 2502 obstacula

96 2529 195 2590 vineat,
209 2530 236 2577 et
246 2538 278 2576 ex
289 2527 373 2590 tepido
385 2527 461 2577 iaciat
470 2528 601 2577 ardentem
610 2527 703 2577 Christi
716 2524 881 2587 discipulum.

124 2595 155 2646 ln
165 2594 217 2646 hac
228 2596 308 2657 gratia
319 2595 429 2657 contlde,
441 2595 536 2657 hacque
555 2595 650 2656 iratus,
667 2594 698 2644 de
717 2597 762 2644 tua
773 2591 854 2643 salute
869 2600 1002 2650 nunquam
1013 2598 1067 2636 nou
1077 2596 1161 2648 spera.

125 2678 236 2728 isauro.
248 2677 351 2727 -Nota
363 2676 430 2738 qndd
442 2677 534 2728 Paulus
548 2677 673 2728 debriato
691 2679 815 2735 vocatus,
829 2670 955 2730 obedivit,
969 2666 1041 2716 nullo
1059 2665 1160 2718 mortali

98 2746 297 2879 mgglffiillbet
311 2815 467 2868 Christianus
479 2818 494 2868 a
506 2816 605 2869 Christo
622 2818 726 2867 vocatus
741 2811 855 2870 obediat,
874 2803 1023 2858 inconsultis
1046 2813 1122 2853 carna
1135 2804 1162 2851 at

98 2888 237 2948 sanguina,
249 2896 295 2934 seu
308 2887 466 2948 parentibus,
478 2899 522 2937 seu
534 2889 624 2937 amicis
637 2883 789 2936 carnalibus.

122 2955 205 3005 boum
219 2957 340 3015 sequatur
351 2959 480 3008 vocantem
491 2993 498 3018 ,
508 2967 552 3006 seu
566 2955 598 3006 aii
609 2958 703 3004 statum
714 2951 860 3012 religiosum
870 2983 878 3008 ,
887 2958 932 2996 scu
943 2941 975 2993 ad
991 2938 1160 3003 evangelicam

97 3025 401 3154 mnieaelstgcneissnmm
416 3091 519 3144 latrum
529 3091 673 3144 testimonia
688 3088 747 3141 vide
761 3085 830 3151 opud
840 3081 986 3137 Cornelium
1001 3074 1130 3141 chapitle·
