<?xml version="1.0" encoding="UTF-8"?>
<!DOCTYPE html PUBLIC "-//W3C//DTD XHTML 1.0 Transitional//EN"
    "http://www.w3.org/TR/xhtml1/DTD/xhtml1-transitional.dtd">
<html xmlns="http://www.w3.org/1999/xhtml" xml:lang="en" lang="en">
 <head>
  <title>
</title>
<meta http-equiv="Content-Type" content="text/html;charset=utf-8" />
  <meta name='ocr-system' content='tesseract 3.04.00' />
  <meta name='ocr-capabilities' content='ocr_page ocr_carea ocr_par ocr_line ocrx_word'/>
</head>
<body>
  <div class='ocr_page' id='page_1' title='image "./epistolarumbpau01berngoog_0132.png"; bbox 0 0 2512 4424; ppageno 0'>
   <div class='ocr_carea' id='block_1_1' title="bbox 226 253 1122 314">
    <p class='ocr_par' dir='ltr' id='par_1_1' title="bbox 226 253 1122 314">
     <span class='ocr_line' id='line_1_1' title="bbox 226 253 1122 314; baseline 0.002 -3"><span class='ocrx_word' id='word_1_1' title='bbox 226 253 232 261; x_wconf 76' lang='grc'>’</span> <span class='ocrx_word' id='word_1_2' title='bbox 299 257 471 312; x_wconf 74' lang='lat' dir='ltr'>TRIPLEX</span> <span class='ocrx_word' id='word_1_3' title='bbox 488 258 714 314; x_wconf 70' lang='lat' dir='ltr'><strong>exaestuo.</strong></span> <span class='ocrx_word' id='word_1_4' title='bbox 733 259 815 313; x_wconf 75' lang='lat' dir='ltr'>CAP.</span> <span class='ocrx_word' id='word_1_5' title='bbox 834 262 884 314; x_wconf 84' lang='lat' dir='ltr'><strong>xi</strong></span> <span class='ocrx_word' id='word_1_6' title='bbox 1068 261 1122 314; x_wconf 71' lang='lat'><strong>425</strong></span> 
     </span>
    </p>
   </div>
   <div class='ocr_carea' id='block_1_2' title="bbox 56 351 1122 541">
    <p class='ocr_par' dir='ltr' id='par_1_2' title="bbox 56 351 1122 541">
     <span class='ocr_line' id='line_1_2' title="bbox 94 351 1121 421; baseline -0.002 -15"><span class='ocrx_word' id='word_1_7' title='bbox 94 354 124 406; x_wconf 80' lang='lat' dir='ltr'><strong>a</strong></span> <span class='ocrx_word' id='word_1_8' title='bbox 134 352 202 406; x_wconf 83' lang='lat' dir='ltr'><strong>iiam</strong></span> <span class='ocrx_word' id='word_1_9' title='bbox 218 354 271 408; x_wconf 87' lang='lat' dir='ltr'><strong>etsi</strong></span> <span class='ocrx_word' id='word_1_10' title='bbox 283 354 427 421; x_wconf 85' lang='lat' dir='ltr'><strong>imperitus</strong></span> <span class='ocrx_word' id='word_1_11' title='bbox 440 367 503 407; x_wconf 88' lang='lat' dir='ltr'><strong>sum</strong></span> <span class='ocrx_word' id='word_1_12' title='bbox 554 353 614 403; x_wconf 83' lang='lat' dir='ltr'><strong>iisto</strong></span> <span class='ocrx_word' id='word_1_13' title='bbox 632 353 832 417; x_wconf 74' lang='lat' dir='ltr'><strong>pseudoapostoli</strong></span> <span class='ocrx_word' id='word_1_14' title='bbox 846 356 898 405; x_wconf 89' lang='lat' dir='ltr'><strong>siut</strong></span> <span class='ocrx_word' id='word_1_15' title='bbox 913 351 985 404; x_wconf 86' lang='lat' dir='ltr'><strong>nobis</strong></span> <span class='ocrx_word' id='word_1_16' title='bbox 1005 356 1121 404; x_wconf 86' lang='lat' dir='ltr'><strong>sermone</strong></span> 
     </span>
     <span class='ocr_line' id='line_1_3' title="bbox 56 423 1122 541; baseline -0.006 -63"><span class='ocrx_word' id='word_1_17' title='bbox 56 445 205 498; x_wconf 70' lang='lat' dir='ltr'><strong>seu-mone,</strong></span> <span class='ocrx_word' id='word_1_18' title='bbox 216 432 336 487; x_wconf 60' lang='lat' dir='ltr'><strong>sednon</strong></span> <span class='ocrx_word' id='word_1_19' title='bbox 347 432 484 487; x_wconf 64' lang='lat' dir='ltr'><strong>3010an</strong></span> <span class='ocrx_word' id='word_1_20' title='bbox 523 425 757 541; x_wconf 49' lang='lat' dir='ltr'><strong>ffiodffirogses,</strong></span> <span class='ocrx_word' id='word_1_21' title='bbox 749 423 872 484; x_wconf 88' lang='lat' dir='ltr'><strong>,sednon</strong></span> <span class='ocrx_word' id='word_1_22' title='bbox 883 426 943 472; x_wconf 88' lang='lat' dir='ltr'><strong>sant</strong></span> <span class='ocrx_word' id='word_1_23' title='bbox 954 425 982 471; x_wconf 91' lang='lat' dir='ltr'><strong>in</strong></span> <span class='ocrx_word' id='word_1_24' title='bbox 996 423 1122 473; x_wconf 81' lang='lat' dir='ltr'><strong>rehaedi-</strong></span> 
     </span>
    </p>
   </div>
   <div class='ocr_carea' id='block_1_3' title="bbox 57 558 1123 811">
    <p class='ocr_par' dir='ltr' id='par_1_3' title="bbox 57 558 1123 811">
     <span class='ocr_line' id='line_1_4' title="bbox 57 558 1123 622; baseline -0.002 -11"><span class='ocrx_word' id='word_1_25' title='bbox 57 567 92 616; x_wconf 89' lang='lat' dir='ltr'><strong>in</strong></span> <span class='ocrx_word' id='word_1_26' title='bbox 114 560 246 616; x_wconf 87' lang='lat' dir='ltr'><strong>omuibus</strong></span> <span class='ocrx_word' id='word_1_27' title='bbox 263 569 356 616; x_wconf 75' lang='lat' dir='ltr'><strong>autem</strong></span> <span class='ocrx_word' id='word_1_28' title='bbox 372 562 503 616; x_wconf 75' lang='lat' dir='ltr'><strong>manifes-</strong></span> <span class='ocrx_word' id='word_1_29' title='bbox 554 558 624 608; x_wconf 88' lang='lat' dir='ltr'><strong>lianc</strong></span> <span class='ocrx_word' id='word_1_30' title='bbox 636 559 785 611; x_wconf 83' lang='lat' dir='ltr'><strong>Divinarum</strong></span> <span class='ocrx_word' id='word_1_31' title='bbox 796 563 1005 622; x_wconf 73' lang='lat' dir='ltr'><strong>scientiamque</strong></span> <span class='ocrx_word' id='word_1_32' title='bbox 1018 558 1123 622; x_wconf 78' lang='lat' dir='ltr'><strong>eposio·</strong></span> 
     </span>
     <span class='ocr_line' id='line_1_5' title="bbox 59 625 1122 694; baseline -0.005 -12"><span class='ocrx_word' id='word_1_33' title='bbox 59 641 113 692; x_wconf 70' lang='lat' dir='ltr'><strong>rasi</strong></span> <span class='ocrx_word' id='word_1_34' title='bbox 125 640 321 694; x_wconf 64' lang='lat' dir='ltr'><strong>sumuspobjs</strong></span> <span class='ocrx_word' id='word_1_35' title='bbox 524 625 580 676; x_wconf 90' lang='lat' dir='ltr'><strong>lam</strong></span> <span class='ocrx_word' id='word_1_36' title='bbox 596 626 684 687; x_wconf 88' lang='lat' dir='ltr'><strong>decet,</strong></span> <span class='ocrx_word' id='word_1_37' title='bbox 701 628 796 687; x_wconf 85' lang='lat' dir='ltr'><strong>calico;</strong></span> <span class='ocrx_word' id='word_1_38' title='bbox 815 641 860 678; x_wconf 78' lang='lat' dir='ltr'><strong>sos</strong></span> <span class='ocrx_word' id='word_1_39' title='bbox 873 630 921 691; x_wconf 91' lang='lat' dir='ltr'><strong>ipsi</strong></span> <span class='ocrx_word' id='word_1_40' title='bbox 933 631 1003 678; x_wconf 91' lang='lat' dir='ltr'><strong>scitis</strong></span> <span class='ocrx_word' id='word_1_41' title='bbox 1018 629 1077 690; x_wconf 82' lang='lat' dir='ltr'><strong>qaia</strong></span> <span class='ocrx_word' id='word_1_42' title='bbox 1094 629 1122 677; x_wconf 91' lang='lat' dir='ltr'><strong>in</strong></span> 
     </span>
     <span class='ocr_line' id='line_1_6' title="bbox 524 693 1122 811; baseline -0.003 -67"><span class='ocrx_word' id='word_1_43' title='bbox 524 693 781 811; x_wconf 46' lang='lat' dir='ltr'><strong>fflssaetssaniiesti</strong></span> <span class='ocrx_word' id='word_1_44' title='bbox 790 694 885 744; x_wconf 79' lang='lat' dir='ltr'><strong>immas</strong></span> <span class='ocrx_word' id='word_1_45' title='bbox 894 695 962 758; x_wconf 90' lang='lat' dir='ltr'><strong>apud</strong></span> <span class='ocrx_word' id='word_1_46' title='bbox 969 707 1024 755; x_wconf 81' lang='lat' dir='ltr'><strong>vos</strong></span> <span class='ocrx_word' id='word_1_47' title='bbox 1035 696 1060 743; x_wconf 91' lang='lat' dir='ltr'><strong>et</strong></span> <span class='ocrx_word' id='word_1_48' title='bbox 1069 693 1122 742; x_wconf 90' lang='lat' dir='ltr'><strong>dio·</strong></span> 
     </span>
    </p>
   </div>
   <div class='ocr_carea' id='block_1_4' title="bbox 58 824 1123 1096">
    <p class='ocr_par' dir='ltr' id='par_1_4' title="bbox 58 824 1123 1036">
     <span class='ocr_line' id='line_1_7' title="bbox 95 824 1123 893; baseline 0.003 -17"><span class='ocrx_word' id='word_1_49' title='bbox 95 828 122 878; x_wconf 79' lang='grc'><strong>’1.</strong></span> <span class='ocrx_word' id='word_1_50' title='bbox 136 827 191 880; x_wconf 77' lang='lat' dir='ltr'><strong>Aut</strong></span> <span class='ocrx_word' id='word_1_51' title='bbox 205 824 344 890; x_wconf 85' lang='lat' dir='ltr'><strong>numquid</strong></span> <span class='ocrx_word' id='word_1_52' title='bbox 357 827 502 892; x_wconf 85' lang='lat' dir='ltr'><strong>peccatum</strong></span> <span class='ocrx_word' id='word_1_53' title='bbox 553 830 605 880; x_wconf 80' lang='lat' dir='ltr'><strong>int</strong></span> <span class='ocrx_word' id='word_1_54' title='bbox 620 829 683 880; x_wconf 84' lang='lat' dir='ltr'><strong>torte</strong></span> <span class='ocrx_word' id='word_1_55' title='bbox 701 829 803 893; x_wconf 89' lang='lat' dir='ltr'><strong>culpam</strong></span> <span class='ocrx_word' id='word_1_56' title='bbox 814 830 944 890; x_wconf 90' lang='lat' dir='ltr'><strong>commisi,</strong></span> <span class='ocrx_word' id='word_1_57' title='bbox 954 831 979 879; x_wconf 86' lang='lat' dir='ltr'><strong>ct</strong></span> <span class='ocrx_word' id='word_1_58' title='bbox 991 831 1123 893; x_wconf 83' lang='lat' dir='ltr'><strong>propterea</strong></span> 
     </span>
     <span class='ocr_line' id='line_1_8' title="bbox 59 896 1123 972; baseline -0.009 -16"><span class='ocrx_word' id='word_1_59' title='bbox 59 904 128 967; x_wconf 86' lang='lat' dir='ltr'><strong>ieci,</strong></span> <span class='ocrx_word' id='word_1_60' title='bbox 141 904 458 972; x_wconf 78' lang='lat' dir='ltr'><strong>meipsumhumilians</strong></span> <span class='ocrx_word' id='word_1_61' title='bbox 472 910 502 958; x_wconf 83' lang='lat' dir='ltr'><strong>ut</strong></span> <span class='ocrx_word' id='word_1_62' title='bbox 524 911 566 949; x_wconf 93' lang='lat' dir='ltr'><strong>me</strong></span> <span class='ocrx_word' id='word_1_63' title='bbox 581 900 667 951; x_wconf 80' lang='lat' dir='ltr'><strong>minuis</strong></span> <span class='ocrx_word' id='word_1_64' title='bbox 687 899 836 949; x_wconf 73' lang='lat' dir='ltr'><strong>esdmatisi</strong></span> <span class='ocrx_word' id='word_1_65' title='bbox 851 899 910 961; x_wconf 88' lang='lat' dir='ltr'><strong>qaia</strong></span> <span class='ocrx_word' id='word_1_66' title='bbox 920 896 989 959; x_wconf 91' lang='lat' dir='ltr'><strong>apud</strong></span> <span class='ocrx_word' id='word_1_67' title='bbox 1006 908 1051 946; x_wconf 78' lang='lat' dir='ltr'><strong>vos</strong></span> <span class='ocrx_word' id='word_1_68' title='bbox 1066 909 1123 946; x_wconf 91' lang='lat' dir='ltr'><strong>mc·</strong></span> 
     </span>
     <span class='ocr_line' id='line_1_9' title="bbox 58 965 1123 1036; baseline -0.007 -15"><span class='ocrx_word' id='word_1_69' title='bbox 58 979 302 1036; x_wconf 59' lang='grc' dir='ltr'><strong>νοςθηιιρωιῃιι</strong></span> <span class='ocrx_word' id='word_1_70' title='bbox 525 972 660 1033; x_wconf 74' lang='lat' dir='ltr'><strong>metipsum</strong></span> <span class='ocrx_word' id='word_1_71' title='bbox 673 968 821 1030; x_wconf 79' lang='lat' dir='ltr'><strong>humiliavi,</strong></span> <span class='ocrx_word' id='word_1_72' title='bbox 835 971 922 1018; x_wconf 78' lang='lat' dir='ltr'><strong>utros</strong></span> <span class='ocrx_word' id='word_1_73' title='bbox 939 966 988 1017; x_wconf 84' lang='lat' dir='ltr'><strong>hac</strong></span> <span class='ocrx_word' id='word_1_74' title='bbox 1004 965 1123 1016; x_wconf 83' lang='lat' dir='ltr'><strong>methu-</strong></span> 
     </span>
    </p>

    <p class='ocr_par' dir='ltr' id='par_1_5' title="bbox 525 1035 899 1096">
     <span class='ocr_line' id='line_1_10' title="bbox 525 1035 899 1096; baseline -0.008 -9"><span class='ocrx_word' id='word_1_75' title='bbox 525 1038 632 1088; x_wconf 90' lang='lat' dir='ltr'><strong>militate</strong></span> <span class='ocrx_word' id='word_1_76' title='bbox 646 1036 781 1087; x_wconf 74' lang='lat' dir='ltr'><strong>exaltarem</strong></span> <span class='ocrx_word' id='word_1_77' title='bbox 792 1037 821 1085; x_wconf 89' lang='lat' dir='ltr'><strong>in</strong></span> <span class='ocrx_word' id='word_1_78' title='bbox 833 1035 899 1096; x_wconf 85' lang='lat' dir='ltr'><strong>tide;</strong></span> 
     </span>
    </p>
   </div>
   <div class='ocr_carea' id='block_1_5' title="bbox 59 1200 1122 1333">
    <p class='ocr_par' dir='ltr' id='par_1_6' title="bbox 59 1200 1122 1333">
     <span class='ocr_line' id='line_1_11' title="bbox 59 1200 1122 1266; baseline 0 -14"><span class='ocrx_word' id='word_1_79' title='bbox 59 1214 165 1266; x_wconf 66' lang='lat' dir='ltr'><strong>pamm</strong></span> <span class='ocrx_word' id='word_1_80' title='bbox 177 1204 240 1265; x_wconf 81' lang='lat' dir='ltr'><strong>puta</strong></span> <span class='ocrx_word' id='word_1_81' title='bbox 257 1202 284 1252; x_wconf 95' lang='lat' dir='ltr'><strong>id</strong></span> <span class='ocrx_word' id='word_1_82' title='bbox 298 1202 408 1266; x_wconf 86' lang='lat' dir='ltr'><strong>postulat</strong></span> <span class='ocrx_word' id='word_1_83' title='bbox 425 1203 535 1254; x_wconf 88' lang='lat' dir='ltr'><strong>charitas</strong></span> <span class='ocrx_word' id='word_1_84' title='bbox 552 1208 578 1255; x_wconf 89' lang='lat' dir='ltr'><strong>et</strong></span> <span class='ocrx_word' id='word_1_85' title='bbox 592 1207 738 1255; x_wconf 86' lang='lat' dir='ltr'><strong>animarum</strong></span> <span class='ocrx_word' id='word_1_86' title='bbox 752 1203 821 1255; x_wconf 88' lang='lat' dir='ltr'><strong>salus</strong></span> <span class='ocrx_word' id='word_1_87' title='bbox 835 1223 842 1254; x_wconf 78' lang='lat' dir='ltr'><strong>a</strong></span> <span class='ocrx_word' id='word_1_88' title='bbox 862 1203 953 1254; x_wconf 83' lang='lat' dir='ltr'><strong>Omnia</strong></span> <span class='ocrx_word' id='word_1_89' title='bbox 968 1202 1001 1252; x_wconf 90' lang='lat' dir='ltr'><strong>ad</strong></span> <span class='ocrx_word' id='word_1_90' title='bbox 1013 1200 1122 1252; x_wconf 89' lang='lat' dir='ltr'><strong>aliorum</strong></span> 
     </span>
     <span class='ocr_line' id='line_1_12' title="bbox 61 1271 438 1333; baseline 0 -11"><span class='ocrx_word' id='word_1_91' title='bbox 61 1272 214 1333; x_wconf 72' lang='lat' dir='ltr'><strong>utilitatem,</strong></span> <span class='ocrx_word' id='word_1_92' title='bbox 225 1275 252 1323; x_wconf 88' lang='lat' dir='ltr'><strong>ct</strong></span> <span class='ocrx_word' id='word_1_93' title='bbox 266 1272 309 1322; x_wconf 81' lang='lat' dir='ltr'><strong>liei</strong></span> <span class='ocrx_word' id='word_1_94' title='bbox 322 1271 438 1333; x_wconf 74' lang='lat' dir='ltr'><strong>gloriam.</strong></span> 
     </span>
    </p>
   </div>
   <div class='ocr_carea' id='block_1_6' title="bbox 59 1352 1123 2312">
    <p class='ocr_par' dir='ltr' id='par_1_7' title="bbox 59 1352 1123 1485">
     <span class='ocr_line' id='line_1_13' title="bbox 91 1352 1123 1417; baseline -0.001 -13"><span class='ocrx_word' id='word_1_95' title='bbox 91 1358 117 1403; x_wconf 84' lang='lat'><strong>6.</strong></span> <span class='ocrx_word' id='word_1_96' title='bbox 129 1355 197 1404; x_wconf 78' lang='lat' dir='ltr'><strong>Nom</strong></span> <span class='ocrx_word' id='word_1_97' title='bbox 211 1354 257 1403; x_wconf 81' lang='lat' dir='ltr'><strong>etsi</strong></span> <span class='ocrx_word' id='word_1_98' title='bbox 271 1354 443 1416; x_wconf 76' lang='lat' dir='ltr'><strong>imperitas...</strong></span> <span class='ocrx_word' id='word_1_99' title='bbox 462 1353 505 1404; x_wconf 89' lang='lat' dir='ltr'><strong>Gr.</strong></span> <span class='ocrx_word' id='word_1_100' title='bbox 525 1354 617 1417; x_wconf 89' lang='lat' dir='ltr'><strong>idiota,</strong></span> <span class='ocrx_word' id='word_1_101' title='bbox 637 1355 664 1406; x_wconf 93' lang='lat' dir='ltr'><strong>id</strong></span> <span class='ocrx_word' id='word_1_102' title='bbox 676 1360 726 1417; x_wconf 91' lang='lat' dir='ltr'><strong>est,</strong></span> <span class='ocrx_word' id='word_1_103' title='bbox 738 1355 855 1407; x_wconf 89' lang='lat' dir='ltr'><strong>indoctus</strong></span> <span class='ocrx_word' id='word_1_104' title='bbox 871 1367 990 1408; x_wconf 57' lang='lat' dir='ltr'><strong>samone.</strong></span> <span class='ocrx_word' id='word_1_105' title='bbox 1008 1354 1064 1417; x_wconf 78' lang='lat' dir='ltr'><strong>syr.</strong></span> <span class='ocrx_word' id='word_1_106' title='bbox 1076 1352 1123 1404; x_wconf 82' lang='lat' dir='ltr'><strong>&#39;in-</strong></span> 
     </span>
     <span class='ocr_line' id='line_1_14' title="bbox 59 1421 554 1485; baseline -0.004 -12"><span class='ocrx_word' id='word_1_107' title='bbox 59 1423 147 1473; x_wconf 89' lang='lat' dir='ltr'><strong>cultus</strong></span> <span class='ocrx_word' id='word_1_108' title='bbox 159 1433 285 1472; x_wconf 87' lang='lat' dir='ltr'><strong>sermone.</strong></span> <span class='ocrx_word' id='word_1_109' title='bbox 297 1421 359 1472; x_wconf 86' lang='lat' dir='ltr'><strong>Vide</strong></span> <span class='ocrx_word' id='word_1_110' title='bbox 370 1423 554 1485; x_wconf 88' lang='lat' dir='ltr'><strong>paraphrasim.</strong></span> 
     </span>
    </p>

    <p class='ocr_par' dir='ltr' id='par_1_8' title="bbox 60 1490 1122 1695">
     <span class='ocr_line' id='line_1_15' title="bbox 91 1490 1122 1558; baseline -0.001 -15"><span class='ocrx_word' id='word_1_111' title='bbox 91 1493 167 1543; x_wconf 83' lang='lat' dir='ltr'><strong>iuxta</strong></span> <span class='ocrx_word' id='word_1_112' title='bbox 184 1493 302 1553; x_wconf 81' lang='lat' dir='ltr'><strong>antiquos</strong></span> <span class='ocrx_word' id='word_1_113' title='bbox 313 1490 368 1542; x_wconf 80' lang='lat' dir='ltr'><strong>hac</strong></span> <span class='ocrx_word' id='word_1_114' title='bbox 387 1505 438 1541; x_wconf 91' lang='lat' dir='ltr'><strong>non</strong></span> <span class='ocrx_word' id='word_1_115' title='bbox 451 1491 594 1547; x_wconf 82' lang='lat' dir='ltr'><strong>referuntur</strong></span> <span class='ocrx_word' id='word_1_116' title='bbox 607 1492 640 1542; x_wconf 93' lang='lat' dir='ltr'><strong>ad</strong></span> <span class='ocrx_word' id='word_1_117' title='bbox 653 1493 807 1544; x_wconf 82' lang='lat' dir='ltr'><strong>versiculum</strong></span> <span class='ocrx_word' id='word_1_118' title='bbox 822 1493 1018 1558; x_wconf 80' lang='lat' dir='ltr'><strong>precedentem,</strong></span> <span class='ocrx_word' id='word_1_119' title='bbox 1031 1492 1074 1544; x_wconf 86' lang='lat' dir='ltr'><strong>sed</strong></span> <span class='ocrx_word' id='word_1_120' title='bbox 1084 1497 1122 1543; x_wconf 88' lang='lat' dir='ltr'><strong>est</strong></span> 
     </span>
     <span class='ocr_line' id='line_1_16' title="bbox 60 1560 1121 1626; baseline 0 -15"><span class='ocrx_word' id='word_1_121' title='bbox 60 1563 192 1624; x_wconf 88' lang='lat' dir='ltr'><strong>responsio</strong></span> <span class='ocrx_word' id='word_1_122' title='bbox 200 1573 273 1611; x_wconf 79' lang='lat' dir='ltr'><strong>nove</strong></span> <span class='ocrx_word' id='word_1_123' title='bbox 285 1560 485 1626; x_wconf 82' lang='lat' dir='ltr'><strong>adversariorum</strong></span> <span class='ocrx_word' id='word_1_124' title='bbox 496 1561 630 1622; x_wconf 87' lang='lat' dir='ltr'><strong>objectioni</strong></span> <span class='ocrx_word' id='word_1_125' title='bbox 640 1598 647 1622; x_wconf 94' lang='lat'><strong>,</strong></span> <span class='ocrx_word' id='word_1_126' title='bbox 657 1562 736 1612; x_wconf 83' lang='lat' dir='ltr'><strong>Paulo</strong></span> <span class='ocrx_word' id='word_1_127' title='bbox 748 1565 871 1614; x_wconf 90' lang='lat' dir='ltr'><strong>sermonis</strong></span> <span class='ocrx_word' id='word_1_128' title='bbox 882 1562 1019 1614; x_wconf 83' lang='lat' dir='ltr'><strong>ruditatem</strong></span> <span class='ocrx_word' id='word_1_129' title='bbox 1031 1564 1121 1624; x_wconf 82' lang='lat' dir='ltr'><strong>impro</strong></span> 
     </span>
     <span class='ocr_line' id='line_1_17' title="bbox 60 1633 217 1695; baseline 0 -15"><span class='ocrx_word' id='word_1_130' title='bbox 60 1633 217 1695; x_wconf 79' lang='lat' dir='ltr'><strong>percutiam.</strong></span> 
     </span>
    </p>

    <p class='ocr_par' dir='ltr' id='par_1_9' title="bbox 61 1697 1121 1832">
     <span class='ocr_line' id='line_1_18' title="bbox 92 1697 1121 1761; baseline 0 -11"><span class='ocrx_word' id='word_1_131' title='bbox 92 1700 182 1750; x_wconf 81' lang='lat' dir='ltr'><strong>Fateor</strong></span> <span class='ocrx_word' id='word_1_132' title='bbox 197 1697 266 1760; x_wconf 82' lang='lat' dir='ltr'><strong>quod</strong></span> <span class='ocrx_word' id='word_1_133' title='bbox 278 1709 394 1750; x_wconf 88' lang='lat' dir='ltr'><strong>sermons</strong></span> <span class='ocrx_word' id='word_1_134' title='bbox 411 1712 469 1749; x_wconf 89' lang='lat' dir='ltr'><strong>sum</strong></span> <span class='ocrx_word' id='word_1_135' title='bbox 482 1699 569 1761; x_wconf 83' lang='lat' dir='ltr'><strong>rudls;</strong></span> <span class='ocrx_word' id='word_1_136' title='bbox 580 1702 608 1749; x_wconf 90' lang='lat' dir='ltr'><strong>at</strong></span> <span class='ocrx_word' id='word_1_137' title='bbox 619 1707 707 1751; x_wconf 87' lang='lat' dir='ltr'><strong>rerum</strong></span> <span class='ocrx_word' id='word_1_138' title='bbox 724 1700 869 1751; x_wconf 82' lang='lat' dir='ltr'><strong>divinarum</strong></span> <span class='ocrx_word' id='word_1_139' title='bbox 881 1701 1013 1750; x_wconf 89' lang='lat' dir='ltr'><strong>scientiam</strong></span> <span class='ocrx_word' id='word_1_140' title='bbox 1027 1698 1121 1760; x_wconf 73' lang='lat' dir='ltr'><strong>muco,</strong></span> 
     </span>
     <span class='ocr_line' id='line_1_19' title="bbox 61 1767 493 1832; baseline -0.005 -13"><span class='ocrx_word' id='word_1_141' title='bbox 61 1783 119 1832; x_wconf 79' lang='lat' dir='ltr'><strong>qua</strong></span> <span class='ocrx_word' id='word_1_142' title='bbox 128 1769 246 1819; x_wconf 81' lang='lat' dir='ltr'><strong>divinum</strong></span> <span class='ocrx_word' id='word_1_143' title='bbox 258 1779 400 1830; x_wconf 82' lang='lat' dir='ltr'><strong>praeconem</strong></span> <span class='ocrx_word' id='word_1_144' title='bbox 413 1767 493 1818; x_wconf 86' lang='lat' dir='ltr'><strong>decet.</strong></span> 
     </span>
    </p>

    <p class='ocr_par' dir='ltr' id='par_1_10' title="bbox 61 1835 1123 2026">
     <span class='ocr_line' id='line_1_20' title="bbox 91 1835 1123 1901; baseline 0 -15"><span class='ocrx_word' id='word_1_145' title='bbox 91 1838 148 1886; x_wconf 80' lang='lat' dir='ltr'><strong>lion</strong></span> <span class='ocrx_word' id='word_1_146' title='bbox 162 1840 235 1886; x_wconf 85' lang='lat' dir='ltr'><strong>curat</strong></span> <span class='ocrx_word' id='word_1_147' title='bbox 246 1835 385 1886; x_wconf 72' lang='lat' dir='ltr'><strong>emularem</strong></span> <span class='ocrx_word' id='word_1_148' title='bbox 403 1838 636 1898; x_wconf 64' lang='lat' dir='ltr'><strong>sapientiamque</strong></span> <span class='ocrx_word' id='word_1_149' title='bbox 655 1841 685 1887; x_wconf 89' lang='lat' dir='ltr'><strong>ut</strong></span> <span class='ocrx_word' id='word_1_150' title='bbox 700 1840 788 1901; x_wconf 73' lang='lat' dir='ltr'><strong>primic</strong></span> <span class='ocrx_word' id='word_1_151' title='bbox 802 1837 916 1888; x_wconf 84' lang='lat' dir='ltr'><strong>Corinth.</strong></span> <span class='ocrx_word' id='word_1_152' title='bbox 927 1837 1007 1896; x_wconf 84' lang='lat' dir='ltr'><strong>diali,</strong></span> <span class='ocrx_word' id='word_1_153' title='bbox 1019 1841 1123 1886; x_wconf 85' lang='lat' dir='ltr'><strong>evacuat</strong></span> 
     </span>
     <span class='ocr_line' id='line_1_21' title="bbox 61 1904 1123 1970; baseline -0.003 -13"><span class='ocrx_word' id='word_1_154' title='bbox 61 1909 147 1957; x_wconf 92' lang='lat' dir='ltr'><strong>crucis</strong></span> <span class='ocrx_word' id='word_1_155' title='bbox 163 1905 257 1956; x_wconf 80' lang='lat' dir='ltr'><strong>Christi</strong></span> <span class='ocrx_word' id='word_1_156' title='bbox 271 1904 377 1967; x_wconf 76' lang='lat' dir='ltr'><strong>gloriam</strong></span> <span class='ocrx_word' id='word_1_157' title='bbox 392 1924 399 1956; x_wconf 79' lang='lat' dir='ltr'><strong>a</strong></span> <span class='ocrx_word' id='word_1_158' title='bbox 414 1905 458 1957; x_wconf 90' lang='lat' dir='ltr'><strong>sed</strong></span> <span class='ocrx_word' id='word_1_159' title='bbox 471 1907 604 1957; x_wconf 86' lang='lat' dir='ltr'><strong>scientiam</strong></span> <span class='ocrx_word' id='word_1_160' title='bbox 614 1905 673 1967; x_wconf 88' lang='lat' dir='ltr'><strong>liei,</strong></span> <span class='ocrx_word' id='word_1_161' title='bbox 690 1919 777 1957; x_wconf 78' lang='lat' dir='ltr'><strong>uemm</strong></span> <span class='ocrx_word' id='word_1_162' title='bbox 795 1907 946 1970; x_wconf 79' lang='lat' dir='ltr'><strong>sapientiam</strong></span> <span class='ocrx_word' id='word_1_163' title='bbox 960 1905 1053 1955; x_wconf 84' lang='lat' dir='ltr'><strong>habere</strong></span> <span class='ocrx_word' id='word_1_164' title='bbox 1071 1905 1123 1967; x_wconf 75' lang='lat' dir='ltr'><strong>glo-</strong></span> 
     </span>
     <span class='ocr_line' id='line_1_22' title="bbox 61 1979 153 2026; baseline 0.011 -1"><span class='ocrx_word' id='word_1_165' title='bbox 61 1979 153 2026; x_wconf 89' lang='lat' dir='ltr'><strong>riatur.</strong></span> 
     </span>
    </p>

    <p class='ocr_par' dir='ltr' id='par_1_11' title="bbox 93 2042 555 2106">
     <span class='ocr_line' id='line_1_23' title="bbox 93 2042 555 2106; baseline 0.004 -12"><span class='ocrx_word' id='word_1_166' title='bbox 93 2043 163 2094; x_wconf 80' lang='lat' dir='ltr'><strong>Talis</strong></span> <span class='ocrx_word' id='word_1_167' title='bbox 179 2045 213 2094; x_wconf 91' lang='lat' dir='ltr'><strong>sit</strong></span> <span class='ocrx_word' id='word_1_168' title='bbox 226 2042 303 2093; x_wconf 88' lang='lat' dir='ltr'><strong>homo</strong></span> <span class='ocrx_word' id='word_1_169' title='bbox 319 2043 378 2094; x_wconf 78' lang='lat' dir='ltr'><strong>sere</strong></span> <span class='ocrx_word' id='word_1_170' title='bbox 394 2042 555 2106; x_wconf 88' lang='lat' dir='ltr'><strong>apostolicus.</strong></span> 
     </span>
    </p>

    <p class='ocr_par' dir='ltr' id='par_1_12' title="bbox 62 2111 1122 2246">
     <span class='ocr_line' id='line_1_24' title="bbox 92 2111 1122 2178; baseline -0.001 -15"><span class='ocrx_word' id='word_1_171' title='bbox 92 2111 219 2163; x_wconf 76' lang='lat' dir='ltr'><strong>indirecte</strong></span> <span class='ocrx_word' id='word_1_172' title='bbox 234 2113 358 2162; x_wconf 87' lang='lat' dir='ltr'><strong>sermonis</strong></span> <span class='ocrx_word' id='word_1_173' title='bbox 375 2114 484 2163; x_wconf 89' lang='lat' dir='ltr'><strong>nitorem</strong></span> <span class='ocrx_word' id='word_1_174' title='bbox 498 2118 523 2164; x_wconf 90' lang='lat' dir='ltr'><strong>ct</strong></span> <span class='ocrx_word' id='word_1_175' title='bbox 534 2115 652 2177; x_wconf 84' lang='lat' dir='ltr'><strong>peritiam</strong></span> <span class='ocrx_word' id='word_1_176' title='bbox 672 2111 786 2166; x_wconf 89' lang='lat' dir='ltr'><strong>concedit</strong></span> <span class='ocrx_word' id='word_1_177' title='bbox 803 2112 1030 2178; x_wconf 85' lang='lat' dir='ltr'><strong>pseudoapostolis;</strong></span> <span class='ocrx_word' id='word_1_178' title='bbox 1043 2115 1070 2163; x_wconf 83' lang='lat' dir='ltr'><strong>et</strong></span> <span class='ocrx_word' id='word_1_179' title='bbox 1086 2115 1122 2162; x_wconf 90' lang='lat' dir='ltr'><strong>eis</strong></span> 
     </span>
     <span class='ocr_line' id='line_1_25' title="bbox 62 2182 953 2246; baseline 0.001 -14"><span class='ocrx_word' id='word_1_180' title='bbox 62 2185 139 2244; x_wconf 79' lang='lat' dir='ltr'><strong>negat</strong></span> <span class='ocrx_word' id='word_1_181' title='bbox 156 2182 290 2232; x_wconf 84' lang='lat' dir='ltr'><strong>scientiam</strong></span> <span class='ocrx_word' id='word_1_182' title='bbox 302 2201 308 2231; x_wconf 72' lang='grc' dir='ltr'><strong>ε</strong></span> <span class='ocrx_word' id='word_1_183' title='bbox 319 2194 435 2233; x_wconf 83' lang='lat' dir='ltr'><strong>sermone</strong></span> <span class='ocrx_word' id='word_1_184' title='bbox 452 2187 513 2234; x_wconf 88' lang='lat' dir='ltr'><strong>sunt</strong></span> <span class='ocrx_word' id='word_1_185' title='bbox 522 2185 610 2246; x_wconf 89' lang='lat' dir='ltr'><strong>periti,</strong></span> <span class='ocrx_word' id='word_1_186' title='bbox 623 2183 666 2234; x_wconf 85' lang='lat' dir='ltr'><strong>scd</strong></span> <span class='ocrx_word' id='word_1_187' title='bbox 677 2182 782 2235; x_wconf 79' lang='lat' dir='ltr'><strong>scicntia</strong></span> <span class='ocrx_word' id='word_1_188' title='bbox 792 2183 837 2234; x_wconf 83' lang='lat' dir='ltr'><strong>lici</strong></span> <span class='ocrx_word' id='word_1_189' title='bbox 848 2182 953 2235; x_wconf 89' lang='lat' dir='ltr'><strong>indocti.</strong></span> 
     </span>
    </p>

    <p class='ocr_par' dir='ltr' id='par_1_13' title="bbox 94 2249 589 2312">
     <span class='ocr_line' id='line_1_26' title="bbox 94 2249 589 2312; baseline 0.004 -11"><span class='ocrx_word' id='word_1_190' title='bbox 94 2251 161 2312; x_wconf 79' lang='lat' dir='ltr'><strong>Quot</strong></span> <span class='ocrx_word' id='word_1_191' title='bbox 172 2253 197 2299; x_wconf 89' lang='lat' dir='ltr'><strong>et</strong></span> <span class='ocrx_word' id='word_1_192' title='bbox 208 2249 285 2300; x_wconf 91' lang='lat' dir='ltr'><strong>hodic</strong></span> <span class='ocrx_word' id='word_1_193' title='bbox 299 2249 445 2311; x_wconf 77' lang='lat' dir='ltr'><strong>huiusmodi</strong></span> <span class='ocrx_word' id='word_1_194' title='bbox 457 2251 589 2303; x_wconf 88' lang='lat' dir='ltr'><strong>homincei</strong></span> 
     </span>
    </p>
   </div>
   <div class='ocr_carea' id='block_1_7' title="bbox 62 2332 1124 2744">
    <p class='ocr_par' dir='ltr' id='par_1_14' title="bbox 94 2332 724 2398">
     <span class='ocr_line' id='line_1_27' title="bbox 94 2332 724 2398; baseline -0.005 -11"><span class='ocrx_word' id='word_1_195' title='bbox 94 2339 126 2387; x_wconf 83' lang='lat' dir='ltr'><strong>iu</strong></span> <span class='ocrx_word' id='word_1_196' title='bbox 139 2334 257 2385; x_wconf 75' lang='lat' dir='ltr'><strong>omnibus</strong></span> <span class='ocrx_word' id='word_1_197' title='bbox 273 2339 358 2384; x_wconf 77' lang='grc' dir='ltr'><strong>ιιιιιιιιι</strong></span> <span class='ocrx_word' id='word_1_198' title='bbox 372 2332 526 2398; x_wconf 73' lang='lat' dir='ltr'><strong>manifestati</strong></span> <span class='ocrx_word' id='word_1_199' title='bbox 540 2348 628 2384; x_wconf 81' lang='grc' dir='ltr'><strong>ιιιιιιιιι</strong></span> <span class='ocrx_word' id='word_1_200' title='bbox 644 2334 724 2385; x_wconf 65' lang='lat' dir='ltr'><strong>codsa</strong></span> 
     </span>
    </p>

    <p class='ocr_par' dir='ltr' id='par_1_15' title="bbox 93 2403 750 2457">
     <span class='ocr_line' id='line_1_28' title="bbox 93 2403 750 2457; baseline -0.006 0"><span class='ocrx_word' id='word_1_201' title='bbox 93 2406 138 2457; x_wconf 85' lang='lat' dir='ltr'><strong>Gr.</strong></span> <span class='ocrx_word' id='word_1_202' title='bbox 151 2403 196 2456; x_wconf 91' lang='lat' dir='ltr'><strong>sed</strong></span> <span class='ocrx_word' id='word_1_203' title='bbox 206 2405 234 2452; x_wconf 91' lang='lat' dir='ltr'><strong>in</strong></span> <span class='ocrx_word' id='word_1_204' title='bbox 244 2403 315 2452; x_wconf 89' lang='lat' dir='ltr'><strong>omui</strong></span> <span class='ocrx_word' id='word_1_205' title='bbox 326 2403 478 2454; x_wconf 81' lang='lat' dir='ltr'><strong>manifestati</strong></span> <span class='ocrx_word' id='word_1_206' title='bbox 491 2406 518 2454; x_wconf 94' lang='lat' dir='ltr'><strong>in</strong></span> <span class='ocrx_word' id='word_1_207' title='bbox 529 2404 648 2453; x_wconf 88' lang='lat' dir='ltr'><strong>omnibus</strong></span> <span class='ocrx_word' id='word_1_208' title='bbox 658 2407 686 2454; x_wconf 90' lang='lat' dir='ltr'><strong>in</strong></span> <span class='ocrx_word' id='word_1_209' title='bbox 696 2416 750 2454; x_wconf 83' lang='lat' dir='ltr'><strong>vos.</strong></span> 
     </span>
    </p>

    <p class='ocr_par' dir='ltr' id='par_1_16' title="bbox 93 2473 846 2540">
     <span class='ocr_line' id='line_1_29' title="bbox 93 2473 846 2540; baseline -0.004 -12"><span class='ocrx_word' id='word_1_210' title='bbox 93 2478 152 2540; x_wconf 79' lang='lat' dir='ltr'><strong>Syr.</strong></span> <span class='ocrx_word' id='word_1_211' title='bbox 162 2473 253 2525; x_wconf 77' lang='lat' dir='ltr'><strong>sertim</strong></span> <span class='ocrx_word' id='word_1_212' title='bbox 266 2473 293 2522; x_wconf 91' lang='lat' dir='ltr'><strong>in</strong></span> <span class='ocrx_word' id='word_1_213' title='bbox 306 2474 424 2522; x_wconf 88' lang='lat' dir='ltr'><strong>omnibus</strong></span> <span class='ocrx_word' id='word_1_214' title='bbox 437 2474 590 2524; x_wconf 85' lang='lat' dir='ltr'><strong>manifestati</strong></span> <span class='ocrx_word' id='word_1_215' title='bbox 605 2473 700 2523; x_wconf 87' lang='lat' dir='ltr'><strong>inimus</strong></span> <span class='ocrx_word' id='word_1_216' title='bbox 713 2475 780 2537; x_wconf 88' lang='lat' dir='ltr'><strong>apud</strong></span> <span class='ocrx_word' id='word_1_217' title='bbox 792 2487 846 2525; x_wconf 80' lang='lat' dir='ltr'><strong>ses.</strong></span> 
     </span>
    </p>

    <p class='ocr_par' dir='ltr' id='par_1_17' title="bbox 62 2540 1124 2744">
     <span class='ocr_line' id='line_1_30' title="bbox 93 2540 1123 2607; baseline -0.004 -11"><span class='ocrx_word' id='word_1_218' title='bbox 93 2547 141 2596; x_wconf 83' lang='lat' dir='ltr'><strong>Hic</strong></span> <span class='ocrx_word' id='word_1_219' title='bbox 152 2555 254 2607; x_wconf 84' lang='lat' dir='ltr'><strong>quoque</strong></span> <span class='ocrx_word' id='word_1_220' title='bbox 271 2540 345 2591; x_wconf 90' lang='lat' dir='ltr'><strong>ielsos</strong></span> <span class='ocrx_word' id='word_1_221' title='bbox 363 2544 508 2604; x_wconf 76' lang='lat' dir='ltr'><strong>perstringit</strong></span> <span class='ocrx_word' id='word_1_222' title='bbox 526 2541 668 2605; x_wconf 76' lang='lat' dir='ltr'><strong>Apostolos,</strong></span> <span class='ocrx_word' id='word_1_223' title='bbox 681 2547 766 2605; x_wconf 88' lang='lat' dir='ltr'><strong>utpote</strong></span> <span class='ocrx_word' id='word_1_224' title='bbox 781 2546 808 2593; x_wconf 94' lang='lat' dir='ltr'><strong>in</strong></span> <span class='ocrx_word' id='word_1_225' title='bbox 822 2542 933 2593; x_wconf 76' lang='lat' dir='ltr'><strong>versutia</strong></span> <span class='ocrx_word' id='word_1_226' title='bbox 948 2540 1123 2604; x_wconf 84' lang='lat' dir='ltr'><strong>ambulantes,</strong></span> 
     </span>
     <span class='ocr_line' id='line_1_31' title="bbox 62 2613 1124 2744; baseline -0.006 -10"><span class='ocrx_word' id='word_1_227' title='bbox 62 2613 276 2734; x_wconf 43' lang='lat' dir='ltr'><strong>quigefflicceutetilil</strong></span> <span class='ocrx_word' id='word_1_228' title='bbox 289 2678 359 2730; x_wconf 86' lang='lat' dir='ltr'><strong>eliud</strong></span> <span class='ocrx_word' id='word_1_229' title='bbox 369 2693 474 2741; x_wconf 83' lang='lat' dir='ltr'><strong>sumus,</strong></span> <span class='ocrx_word' id='word_1_230' title='bbox 486 2683 511 2731; x_wconf 90' lang='lat' dir='ltr'><strong>ct</strong></span> <span class='ocrx_word' id='word_1_231' title='bbox 521 2679 592 2730; x_wconf 89' lang='lat' dir='ltr'><strong>eliud</strong></span> <span class='ocrx_word' id='word_1_232' title='bbox 606 2691 778 2744; x_wconf 86' lang='lat' dir='ltr'><strong>apparemus·</strong></span> <span class='ocrx_word' id='word_1_233' title='bbox 771 2680 834 2731; x_wconf 88' lang='lat' dir='ltr'><strong>·sed</strong></span> <span class='ocrx_word' id='word_1_234' title='bbox 850 2683 877 2730; x_wconf 92' lang='lat' dir='ltr'><strong>in</strong></span> <span class='ocrx_word' id='word_1_235' title='bbox 894 2680 1013 2728; x_wconf 88' lang='lat' dir='ltr'><strong>omnibus</strong></span> <span class='ocrx_word' id='word_1_236' title='bbox 1029 2683 1055 2729; x_wconf 85' lang='lat' dir='ltr'><strong>et</strong></span> <span class='ocrx_word' id='word_1_237' title='bbox 1067 2691 1124 2729; x_wconf 92' lang='lat' dir='ltr'><strong>om·</strong></span> 
     </span>
    </p>
   </div>
   <div class='ocr_carea' id='block_1_8' title="bbox 63 2745 1219 2815">
    <p class='ocr_par' dir='ltr' id='par_1_18' title="bbox 63 2745 1219 2815">
     <span class='ocr_line' id='line_1_32' title="bbox 63 2745 1219 2815; baseline -0.007 -12"><span class='ocrx_word' id='word_1_238' title='bbox 63 2756 126 2803; x_wconf 93' lang='lat' dir='ltr'><strong>nino</strong></span> <span class='ocrx_word' id='word_1_239' title='bbox 136 2749 223 2815; x_wconf 84' lang='lat' dir='ltr'><strong>aperte</strong></span> <span class='ocrx_word' id='word_1_240' title='bbox 232 2750 361 2800; x_wconf 84' lang='lat' dir='ltr'><strong>vobiscum</strong></span> <span class='ocrx_word' id='word_1_241' title='bbox 370 2750 484 2811; x_wconf 81' lang='lat' dir='ltr'><strong>agimus,</strong></span> <span class='ocrx_word' id='word_1_242' title='bbox 493 2751 528 2798; x_wconf 89' lang='lat' dir='ltr'><strong>ita</strong></span> <span class='ocrx_word' id='word_1_243' title='bbox 539 2753 567 2798; x_wconf 90' lang='lat' dir='ltr'><strong>ut</strong></span> <span class='ocrx_word' id='word_1_244' title='bbox 578 2751 603 2798; x_wconf 88' lang='lat' dir='ltr'><strong>ei</strong></span> <span class='ocrx_word' id='word_1_245' title='bbox 612 2748 685 2799; x_wconf 88' lang='lat' dir='ltr'><strong>dictis</strong></span> <span class='ocrx_word' id='word_1_246' title='bbox 694 2751 719 2798; x_wconf 89' lang='lat' dir='ltr'><strong>et</strong></span> <span class='ocrx_word' id='word_1_247' title='bbox 731 2748 802 2800; x_wconf 88' lang='lat' dir='ltr'><strong>iactis</strong></span> <span class='ocrx_word' id='word_1_248' title='bbox 813 2751 892 2799; x_wconf 90' lang='lat' dir='ltr'><strong>simus</strong></span> <span class='ocrx_word' id='word_1_249' title='bbox 902 2748 973 2797; x_wconf 82' lang='lat' dir='ltr'><strong>uobis</strong></span> <span class='ocrx_word' id='word_1_250' title='bbox 986 2745 1122 2796; x_wconf 79' lang='lat' dir='ltr'><strong>manifesti</strong></span> <span class='ocrx_word' id='word_1_251' title='bbox 1212 2809 1219 2815; x_wconf 17' lang='grc' dir='ltr'>ἱ</span> 
     </span>
    </p>
   </div>
   <div class='ocr_carea' id='block_1_9' title="bbox 65 2816 1125 3434">
    <p class='ocr_par' dir='ltr' id='par_1_19' title="bbox 95 2816 782 2879">
     <span class='ocr_line' id='line_1_33' title="bbox 95 2816 782 2879; baseline -0.006 -8"><span class='ocrx_word' id='word_1_252' title='bbox 95 2821 178 2871; x_wconf 75' lang='lat' dir='ltr'><strong>Auli.</strong></span> <span class='ocrx_word' id='word_1_253' title='bbox 191 2817 287 2869; x_wconf 84' lang='lat' dir='ltr'><strong>Paulus</strong></span> <span class='ocrx_word' id='word_1_254' title='bbox 302 2818 389 2868; x_wconf 74' lang='lat' dir='ltr'><strong>reteri</strong></span> <span class='ocrx_word' id='word_1_255' title='bbox 405 2816 481 2867; x_wconf 85' lang='lat' dir='ltr'><strong>inerit</strong></span> <span class='ocrx_word' id='word_1_256' title='bbox 498 2829 614 2867; x_wconf 85' lang='lat' dir='ltr'><strong>sermone</strong></span> <span class='ocrx_word' id='word_1_257' title='bbox 631 2818 782 2879; x_wconf 78' lang='lat' dir='ltr'><strong>imperitus?</strong></span> 
     </span>
    </p>

    <p class='ocr_par' dir='ltr' id='par_1_20' title="bbox 65 2881 1124 3093">
     <span class='ocr_line' id='line_1_34' title="bbox 93 2881 1124 2952; baseline -0.008 -12"><span class='ocrx_word' id='word_1_258' title='bbox 93 2886 241 2951; x_wconf 87' lang='lat' dir='ltr'><strong>Respondeo</strong></span> <span class='ocrx_word' id='word_1_259' title='bbox 261 2884 358 2949; x_wconf 80' lang='lat' dir='ltr'><strong>primo,</strong></span> <span class='ocrx_word' id='word_1_260' title='bbox 374 2884 442 2946; x_wconf 84' lang='lat' dir='ltr'><strong>quod</strong></span> <span class='ocrx_word' id='word_1_261' title='bbox 463 2887 517 2952; x_wconf 80' lang='lat' dir='ltr'><strong>siue</strong></span> <span class='ocrx_word' id='word_1_262' title='bbox 540 2885 705 2935; x_wconf 82' lang='lat' dir='ltr'><strong>fundamento</strong></span> <span class='ocrx_word' id='word_1_263' title='bbox 725 2897 755 2934; x_wconf 83' lang='lat' dir='ltr'><strong>cx</strong></span> <span class='ocrx_word' id='word_1_264' title='bbox 770 2884 818 2935; x_wconf 91' lang='lat' dir='ltr'><strong>hoc</strong></span> <span class='ocrx_word' id='word_1_265' title='bbox 835 2883 960 2935; x_wconf 76' lang='lat' dir='ltr'><strong>versiculo</strong></span> <span class='ocrx_word' id='word_1_266' title='bbox 981 2881 1124 2944; x_wconf 79' lang='lat' dir='ltr'><strong>collegerint</strong></span> 
     </span>
     <span class='ocr_line' id='line_1_35' title="bbox 65 2942 1123 3022; baseline -0.008 -12"><span class='ocrx_word' id='word_1_267' title='bbox 65 2955 325 3022; x_wconf 55' lang='lat' dir='ltr'><strong>disperditionem</strong></span> <span class='ocrx_word' id='word_1_268' title='bbox 343 2954 419 3006; x_wconf 86' lang='lat' dir='ltr'><strong>tuisse</strong></span> <span class='ocrx_word' id='word_1_269' title='bbox 430 2942 547 3016; x_wconf 84' lang='lat' dir='ltr'><strong>balbum,</strong></span> <span class='ocrx_word' id='word_1_270' title='bbox 559 2968 603 3005; x_wconf 91' lang='lat' dir='ltr'><strong>seu</strong></span> <span class='ocrx_word' id='word_1_271' title='bbox 620 2955 746 3018; x_wconf 75' lang='lat' dir='ltr'><strong>impedita</strong></span> <span class='ocrx_word' id='word_1_272' title='bbox 757 2954 869 3019; x_wconf 73' lang='lat' dir='ltr'><strong>linguas</strong></span> <span class='ocrx_word' id='word_1_273' title='bbox 863 2955 978 3004; x_wconf 91' lang='lat' dir='ltr'><strong>·dicitur</strong></span> <span class='ocrx_word' id='word_1_274' title='bbox 996 2954 1065 3003; x_wconf 89' lang='lat' dir='ltr'><strong>enim</strong></span> <span class='ocrx_word' id='word_1_275' title='bbox 1079 2951 1123 3002; x_wconf 87' lang='lat' dir='ltr'><strong>hic</strong></span> 
     </span>
     <span class='ocr_line' id='line_1_36' title="bbox 66 3025 682 3093; baseline -0.007 -15"><span class='ocrx_word' id='word_1_276' title='bbox 66 3031 213 3093; x_wconf 87' lang='lat' dir='ltr'><strong>imperitus,</strong></span> <span class='ocrx_word' id='word_1_277' title='bbox 228 3025 320 3086; x_wconf 89' lang='lat' dir='ltr'><strong>idiota,</strong></span> <span class='ocrx_word' id='word_1_278' title='bbox 333 3025 459 3085; x_wconf 90' lang='lat' dir='ltr'><strong>incultus,</strong></span> <span class='ocrx_word' id='word_1_279' title='bbox 473 3037 524 3074; x_wconf 90' lang='lat' dir='ltr'><strong>non</strong></span> <span class='ocrx_word' id='word_1_280' title='bbox 538 3025 682 3087; x_wconf 88' lang='lat' dir='ltr'><strong>impeditus.</strong></span> 
     </span>
    </p>

    <p class='ocr_par' dir='ltr' id='par_1_21' title="bbox 66 3062 1125 3292">
     <span class='ocr_line' id='line_1_37' title="bbox 93 3062 1123 3161; baseline -0.009 -11"><span class='ocrx_word' id='word_1_281' title='bbox 93 3096 243 3161; x_wconf 83' lang='lat' dir='ltr'><strong>Respondeo</strong></span> <span class='ocrx_word' id='word_1_282' title='bbox 256 3094 381 3155; x_wconf 82' lang='lat' dir='ltr'><strong>secundo,</strong></span> <span class='ocrx_word' id='word_1_283' title='bbox 396 3062 464 3155; x_wconf 71' lang='lat' dir='ltr'><strong>quod</strong></span> <span class='ocrx_word' id='word_1_284' title='bbox 480 3094 508 3142; x_wconf 84' lang='lat' dir='ltr'><strong>li.</strong></span> <span class='ocrx_word' id='word_1_285' title='bbox 525 3093 602 3144; x_wconf 86' lang='lat' dir='ltr'><strong>Paulo</strong></span> <span class='ocrx_word' id='word_1_286' title='bbox 616 3107 668 3144; x_wconf 95' lang='lat' dir='ltr'><strong>non</strong></span> <span class='ocrx_word' id='word_1_287' title='bbox 680 3093 787 3145; x_wconf 86' lang='lat' dir='ltr'><strong>adiuerit</strong></span> <span class='ocrx_word' id='word_1_288' title='bbox 802 3096 926 3144; x_wconf 85' lang='lat' dir='ltr'><strong>sermonis</strong></span> <span class='ocrx_word' id='word_1_289' title='bbox 941 3092 1123 3156; x_wconf 78' lang='lat' dir='ltr'><strong>perspicuitas,</strong></span> 
     </span>
     <span class='ocr_line' id='line_1_38' title="bbox 66 3159 1125 3225; baseline -0.008 -7"><span class='ocrx_word' id='word_1_290' title='bbox 66 3181 112 3218; x_wconf 87' lang='lat' dir='ltr'><strong>uec</strong></span> <span class='ocrx_word' id='word_1_291' title='bbox 125 3167 208 3218; x_wconf 78' lang='lat' dir='ltr'><strong>Graeci</strong></span> <span class='ocrx_word' id='word_1_292' title='bbox 223 3165 348 3214; x_wconf 89' lang='lat' dir='ltr'><strong>sermonis</strong></span> <span class='ocrx_word' id='word_1_293' title='bbox 366 3162 501 3224; x_wconf 77' lang='lat' dir='ltr'><strong>elegantia,</strong></span> <span class='ocrx_word' id='word_1_294' title='bbox 519 3165 548 3211; x_wconf 91' lang='lat' dir='ltr'><strong>ut</strong></span> <span class='ocrx_word' id='word_1_295' title='bbox 562 3166 630 3225; x_wconf 86' lang='lat' dir='ltr'><strong>patet</strong></span> <span class='ocrx_word' id='word_1_296' title='bbox 646 3163 755 3225; x_wconf 79' lang='lat' dir='ltr'><strong>legenti:</strong></span> <span class='ocrx_word' id='word_1_297' title='bbox 773 3164 816 3213; x_wconf 90' lang='lat' dir='ltr'><strong>sed</strong></span> <span class='ocrx_word' id='word_1_298' title='bbox 833 3165 859 3213; x_wconf 92' lang='lat' dir='ltr'><strong>in</strong></span> <span class='ocrx_word' id='word_1_299' title='bbox 870 3162 928 3212; x_wconf 87' lang='lat' dir='ltr'><strong>rudi</strong></span> <span class='ocrx_word' id='word_1_300' title='bbox 944 3171 1060 3211; x_wconf 86' lang='lat' dir='ltr'><strong>sermone</strong></span> <span class='ocrx_word' id='word_1_301' title='bbox 1076 3159 1125 3210; x_wconf 85' lang='lat' dir='ltr'><strong>tuit</strong></span> 
     </span>
     <span class='ocr_line' id='line_1_39' title="bbox 67 3229 1000 3292; baseline -0.009 -7"><span class='ocrx_word' id='word_1_302' title='bbox 67 3235 101 3285; x_wconf 91' lang='lat' dir='ltr'><strong>iili</strong></span> <span class='ocrx_word' id='word_1_303' title='bbox 112 3246 219 3285; x_wconf 87' lang='lat' dir='ltr'><strong>nervosa</strong></span> <span class='ocrx_word' id='word_1_304' title='bbox 230 3231 389 3292; x_wconf 81' lang='lat' dir='ltr'><strong>eloquentia,</strong></span> <span class='ocrx_word' id='word_1_305' title='bbox 403 3235 428 3280; x_wconf 90' lang='lat' dir='ltr'><strong>et</strong></span> <span class='ocrx_word' id='word_1_306' title='bbox 442 3231 485 3278; x_wconf 86' lang='lat' dir='ltr'><strong>ubi</strong></span> <span class='ocrx_word' id='word_1_307' title='bbox 498 3229 594 3289; x_wconf 77' lang='lat' dir='ltr'><strong>soluit,</strong></span> <span class='ocrx_word' id='word_1_308' title='bbox 607 3230 723 3289; x_wconf 84' lang='lat' dir='ltr'><strong>divinum</strong></span> <span class='ocrx_word' id='word_1_309' title='bbox 741 3230 840 3281; x_wconf 89' lang='lat' dir='ltr'><strong>dicendi</strong></span> <span class='ocrx_word' id='word_1_310' title='bbox 855 3229 1000 3279; x_wconf 82' lang='lat' dir='ltr'><strong>artificium.</strong></span> 
     </span>
    </p>

    <p class='ocr_par' dir='ltr' id='par_1_22' title="bbox 67 3296 1124 3434">
     <span class='ocr_line' id='line_1_40' title="bbox 94 3296 1124 3363; baseline -0.007 -10"><span class='ocrx_word' id='word_1_311' title='bbox 94 3305 158 3353; x_wconf 85' lang='lat' dir='ltr'><strong>ilinc</strong></span> <span class='ocrx_word' id='word_1_312' title='bbox 168 3301 251 3363; x_wconf 85' lang='lat' dir='ltr'><strong>aliqui</strong></span> <span class='ocrx_word' id='word_1_313' title='bbox 264 3299 354 3349; x_wconf 90' lang='lat' dir='ltr'><strong>dicunt</strong></span> <span class='ocrx_word' id='word_1_314' title='bbox 364 3298 437 3347; x_wconf 89' lang='lat' dir='ltr'><strong>iilum</strong></span> <span class='ocrx_word' id='word_1_315' title='bbox 447 3297 696 3360; x_wconf 87' lang='lat' dir='ltr'><strong>eloquentissimum,</strong></span> <span class='ocrx_word' id='word_1_316' title='bbox 709 3296 1010 3361; x_wconf 75' lang='lat' dir='ltr'><strong>utD.1tugusiinus;alii</strong></span> <span class='ocrx_word' id='word_1_317' title='bbox 1022 3301 1124 3360; x_wconf 82' lang='lat' dir='ltr'><strong>negant,</strong></span> 
     </span>
     <span class='ocr_line' id='line_1_41' title="bbox 67 3368 509 3434; baseline -0.007 -14"><span class='ocrx_word' id='word_1_318' title='bbox 67 3376 94 3422; x_wconf 91' lang='lat' dir='ltr'><strong>ut</strong></span> <span class='ocrx_word' id='word_1_319' title='bbox 105 3371 243 3434; x_wconf 75' lang='lat' dir='ltr'><strong>origenes,</strong></span> <span class='ocrx_word' id='word_1_320' title='bbox 254 3372 280 3419; x_wconf 86' lang='lat' dir='ltr'><strong>ei</strong></span> <span class='ocrx_word' id='word_1_321' title='bbox 291 3368 321 3417; x_wconf 88' lang='lat' dir='ltr'><strong>li.</strong></span> <span class='ocrx_word' id='word_1_322' title='bbox 333 3368 509 3430; x_wconf 82' lang='lat' dir='ltr'><strong>Hieronymus.</strong></span> 
     </span>
    </p>
   </div>
   <div class='ocr_carea' id='block_1_10' title="bbox 69 3447 1125 3651">
    <p class='ocr_par' dir='ltr' id='par_1_23' title="bbox 69 3447 1125 3651">
     <span class='ocr_line' id='line_1_42' title="bbox 95 3447 1125 3518; baseline -0.005 -14"><span class='ocrx_word' id='word_1_323' title='bbox 95 3459 119 3504; x_wconf 81' lang='grc' dir='ltr'><strong>ι.</strong></span> <span class='ocrx_word' id='word_1_324' title='bbox 133 3456 185 3503; x_wconf 77' lang='lat' dir='ltr'><strong>Aut</strong></span> <span class='ocrx_word' id='word_1_325' title='bbox 200 3451 328 3512; x_wconf 67' lang='lat' dir='ltr'><strong>nampio</strong></span> <span class='ocrx_word' id='word_1_326' title='bbox 340 3455 470 3514; x_wconf 80' lang='lat' dir='ltr'><strong>peccatam</strong></span> <span class='ocrx_word' id='word_1_327' title='bbox 489 3448 553 3511; x_wconf 73' lang='lat' dir='ltr'><strong>feci?</strong></span> <span class='ocrx_word' id='word_1_328' title='bbox 565 3447 607 3498; x_wconf 87' lang='lat' dir='ltr'><strong>Gr.</strong></span> <span class='ocrx_word' id='word_1_329' title='bbox 621 3461 655 3518; x_wconf 75' lang='lat' dir='ltr'><strong>an</strong></span> <span class='ocrx_word' id='word_1_330' title='bbox 672 3451 803 3512; x_wconf 88' lang='lat' dir='ltr'><strong>peecatum</strong></span> <span class='ocrx_word' id='word_1_331' title='bbox 817 3449 904 3499; x_wconf 77' lang='lat' dir='ltr'><strong>ieci...</strong></span> <span class='ocrx_word' id='word_1_332' title='bbox 924 3448 980 3510; x_wconf 78' lang='lat' dir='ltr'><strong>syr.</strong></span> <span class='ocrx_word' id='word_1_333' title='bbox 1001 3451 1046 3497; x_wconf 90' lang='lat' dir='ltr'><strong>aut</strong></span> <span class='ocrx_word' id='word_1_334' title='bbox 1062 3448 1125 3499; x_wconf 84' lang='lat' dir='ltr'><strong>iortd</strong></span> 
     </span>
     <span class='ocr_line' id='line_1_43' title="bbox 69 3521 326 3584; baseline -0.016 -12"><span class='ocrx_word' id='word_1_335' title='bbox 69 3521 165 3584; x_wconf 83' lang='lat' dir='ltr'><strong>eulpam</strong></span> <span class='ocrx_word' id='word_1_336' title='bbox 176 3521 326 3570; x_wconf 64' lang='lat' dir='ltr'><strong>commista</strong></span> 
     </span>
     <span class='ocr_line' id='line_1_44' title="bbox 94 3587 1125 3651; baseline -0.003 -12"><span class='ocrx_word' id='word_1_337' title='bbox 94 3591 137 3641; x_wconf 89' lang='lat' dir='ltr'><strong>liis</strong></span> <span class='ocrx_word' id='word_1_338' title='bbox 146 3589 232 3639; x_wconf 80' lang='lat' dir='ltr'><strong>serbis</strong></span> <span class='ocrx_word' id='word_1_339' title='bbox 245 3589 388 3637; x_wconf 82' lang='lat' dir='ltr'><strong>Corinthios</strong></span> <span class='ocrx_word' id='word_1_340' title='bbox 398 3589 488 3637; x_wconf 88' lang='lat' dir='ltr'><strong>acriter</strong></span> <span class='ocrx_word' id='word_1_341' title='bbox 498 3587 601 3648; x_wconf 76' lang='lat' dir='ltr'><strong>pungit,</strong></span> <span class='ocrx_word' id='word_1_342' title='bbox 613 3587 690 3638; x_wconf 92' lang='lat' dir='ltr'><strong>simul</strong></span> <span class='ocrx_word' id='word_1_343' title='bbox 702 3591 727 3638; x_wconf 88' lang='lat' dir='ltr'><strong>et</strong></span> <span class='ocrx_word' id='word_1_344' title='bbox 742 3600 863 3650; x_wconf 78' lang='lat' dir='ltr'><strong>magnum</strong></span> <span class='ocrx_word' id='word_1_345' title='bbox 881 3587 920 3638; x_wconf 90' lang='lat' dir='ltr'><strong>sui</strong></span> <span class='ocrx_word' id='word_1_346' title='bbox 933 3591 958 3637; x_wconf 89' lang='lat' dir='ltr'><strong>et</strong></span> <span class='ocrx_word' id='word_1_347' title='bbox 969 3588 1125 3651; x_wconf 85' lang='lat' dir='ltr'><strong>pseudoapo-</strong></span> 
     </span>
    </p>
   </div>
   <div class='ocr_carea' id='block_1_11' title="bbox 69 3654 1157 3995">
    <p class='ocr_par' dir='ltr' id='par_1_24' title="bbox 69 3654 1123 3786">
     <span class='ocr_line' id='line_1_45' title="bbox 69 3654 1123 3721; baseline -0.002 -15"><span class='ocrx_word' id='word_1_348' title='bbox 69 3657 187 3708; x_wconf 87' lang='lat' dir='ltr'><strong>stolorum</strong></span> <span class='ocrx_word' id='word_1_349' title='bbox 201 3655 339 3705; x_wconf 85' lang='lat' dir='ltr'><strong>discrimen</strong></span> <span class='ocrx_word' id='word_1_350' title='bbox 356 3655 478 3715; x_wconf 87' lang='lat' dir='ltr'><strong>ostendit,</strong></span> <span class='ocrx_word' id='word_1_351' title='bbox 489 3654 556 3716; x_wconf 81' lang='lat' dir='ltr'><strong>quod</strong></span> <span class='ocrx_word' id='word_1_352' title='bbox 575 3655 705 3707; x_wconf 85' lang='lat' dir='ltr'><strong>humiliter</strong></span> <span class='ocrx_word' id='word_1_353' title='bbox 718 3660 744 3707; x_wconf 91' lang='lat' dir='ltr'><strong>et</strong></span> <span class='ocrx_word' id='word_1_354' title='bbox 754 3659 832 3721; x_wconf 77' lang='lat' dir='ltr'><strong>gratis</strong></span> <span class='ocrx_word' id='word_1_355' title='bbox 849 3655 1013 3719; x_wconf 80' lang='lat' dir='ltr'><strong>Evangeiium</strong></span> <span class='ocrx_word' id='word_1_356' title='bbox 1033 3654 1123 3717; x_wconf 83' lang='lat' dir='ltr'><strong>pradi-</strong></span> 
     </span>
     <span class='ocr_line' id='line_1_46' title="bbox 70 3722 669 3786; baseline -0.005 -10"><span class='ocrx_word' id='word_1_357' title='bbox 70 3728 161 3776; x_wconf 84' lang='lat' dir='ltr'><strong>caverit</strong></span> <span class='ocrx_word' id='word_1_358' title='bbox 167 3722 256 3786; x_wconf 85' lang='lat' dir='ltr'><strong>,quod</strong></span> <span class='ocrx_word' id='word_1_359' title='bbox 271 3724 320 3784; x_wconf 88' lang='lat' dir='ltr'><strong>ipsi</strong></span> <span class='ocrx_word' id='word_1_360' title='bbox 334 3735 392 3771; x_wconf 89' lang='lat' dir='ltr'><strong>cum</strong></span> <span class='ocrx_word' id='word_1_361' title='bbox 409 3723 474 3772; x_wconf 87' lang='lat' dir='ltr'><strong>tastu</strong></span> <span class='ocrx_word' id='word_1_362' title='bbox 491 3725 517 3772; x_wconf 91' lang='lat' dir='ltr'><strong>et</strong></span> <span class='ocrx_word' id='word_1_363' title='bbox 532 3735 577 3786; x_wconf 87' lang='lat' dir='ltr'><strong>pro</strong></span> <span class='ocrx_word' id='word_1_364' title='bbox 591 3722 669 3774; x_wconf 87' lang='lat' dir='ltr'><strong>lucro.</strong></span> 
     </span>
    </p>

    <p class='ocr_par' dir='ltr' id='par_1_25' title="bbox 70 3789 1157 3995">
     <span class='ocr_line' id='line_1_47' title="bbox 98 3789 1157 3856; baseline -0.002 -12"><span class='ocrx_word' id='word_1_365' title='bbox 98 3792 228 3856; x_wconf 79' lang='lat' dir='ltr'><strong>Numquid</strong></span> <span class='ocrx_word' id='word_1_366' title='bbox 246 3791 311 3841; x_wconf 75' lang='lat' dir='ltr'><strong>torte</strong></span> <span class='ocrx_word' id='word_1_367' title='bbox 326 3793 445 3854; x_wconf 84' lang='lat' dir='ltr'><strong>peccavi,</strong></span> <span class='ocrx_word' id='word_1_368' title='bbox 455 3795 480 3841; x_wconf 88' lang='lat' dir='ltr'><strong>et</strong></span> <span class='ocrx_word' id='word_1_369' title='bbox 491 3792 547 3841; x_wconf 89' lang='lat' dir='ltr'><strong>ideo</strong></span> <span class='ocrx_word' id='word_1_370' title='bbox 563 3804 604 3842; x_wconf 90' lang='lat' dir='ltr'><strong>me</strong></span> <span class='ocrx_word' id='word_1_371' title='bbox 616 3794 702 3844; x_wconf 79' lang='lat' dir='ltr'><strong>minuis</strong></span> <span class='ocrx_word' id='word_1_372' title='bbox 712 3793 840 3844; x_wconf 74' lang='lat' dir='ltr'><strong>estimatis</strong></span> <span class='ocrx_word' id='word_1_373' title='bbox 847 3795 925 3856; x_wconf 79' lang='lat' dir='ltr'><strong>,quia</strong></span> <span class='ocrx_word' id='word_1_374' title='bbox 939 3792 1043 3843; x_wconf 87' lang='lat' dir='ltr'><strong>humilis</strong></span> <span class='ocrx_word' id='word_1_375' title='bbox 1057 3789 1124 3855; x_wconf 89' lang='lat' dir='ltr'><strong>apud</strong></span> <span class='ocrx_word' id='word_1_376' title='bbox 1155 3840 1157 3842; x_wconf 79' lang='grc'>.</span> 
     </span>
     <span class='ocr_line' id='line_1_48' title="bbox 70 3860 1124 3954; baseline -0.001 -43"><span class='ocrx_word' id='word_1_377' title='bbox 70 3875 111 3912; x_wconf 81' lang='grc' dir='ltr'><strong>ιιι</strong></span> <span class='ocrx_word' id='word_1_378' title='bbox 121 3863 204 3913; x_wconf 78' lang='lat' dir='ltr'><strong>motus</strong></span> <span class='ocrx_word' id='word_1_379' title='bbox 216 3873 292 3921; x_wconf 81' lang='lat' dir='ltr'><strong>sum;</strong></span> <span class='ocrx_word' id='word_1_380' title='bbox 285 3860 348 3910; x_wconf 84' lang='lat' dir='ltr'><strong>·uile</strong></span> <span class='ocrx_word' id='word_1_381' title='bbox 359 3860 487 3925; x_wconf 86' lang='lat' dir='ltr'><strong>opiilcium</strong></span> <span class='ocrx_word' id='word_1_382' title='bbox 497 3871 629 3912; x_wconf 79' lang='lat' dir='ltr'><strong>exercens.</strong></span> <span class='ocrx_word' id='word_1_383' title='bbox 636 3867 660 3912; x_wconf 87' lang='lat' dir='ltr'><strong>et</strong></span> <span class='ocrx_word' id='word_1_384' title='bbox 671 3862 754 3914; x_wconf 87' lang='lat' dir='ltr'><strong>labore</strong></span> <span class='ocrx_word' id='word_1_385' title='bbox 765 3875 889 3914; x_wconf 89' lang='lat' dir='ltr'><strong>manuum</strong></span> <span class='ocrx_word' id='word_1_386' title='bbox 901 3873 1016 3912; x_wconf 82' lang='lat' dir='ltr'><strong>mearum</strong></span> <span class='ocrx_word' id='word_1_387' title='bbox 1027 3861 1124 3954; x_wconf 83' lang='lat' dir='ltr'><strong>victum</strong></span> 
     </span>
     <span class='ocr_line' id='line_1_49' title="bbox 71 3931 315 3995; baseline -0.016 -13"><span class='ocrx_word' id='word_1_388' title='bbox 71 3932 132 3983; x_wconf 85' lang='lat' dir='ltr'><strong>mihi</strong></span> <span class='ocrx_word' id='word_1_389' title='bbox 144 3931 315 3995; x_wconf 70' lang='lat' dir='ltr'><strong>comparans?</strong></span> 
     </span>
    </p>
   </div>
   <div class='ocr_carea' id='block_1_12' title="bbox 0 0 1271 4424">
    <p class='ocr_par' dir='ltr' id='par_1_26' title="bbox 0 0 1271 4424">
     <span class='ocr_line' id='line_1_50' title="bbox 0 0 1271 4424; baseline 0 0"><span class='ocrx_word' id='word_1_390' title='bbox 0 0 1271 4424; x_wconf 95' lang='lat' dir='ltr'><strong> </strong></span> 
     </span>
    </p>
   </div>
  </div>
 </body>
</html>
