<?xml version="1.0" encoding="UTF-8"?>
<!DOCTYPE html PUBLIC "-//W3C//DTD XHTML 1.0 Transitional//EN"
    "http://www.w3.org/TR/xhtml1/DTD/xhtml1-transitional.dtd">
<html xmlns="http://www.w3.org/1999/xhtml" xml:lang="en" lang="en">
 <head>
  <title>
</title>
<meta http-equiv="Content-Type" content="text/html;charset=utf-8" />
  <meta name='ocr-system' content='tesseract 3.04.00' />
  <meta name='ocr-capabilities' content='ocr_page ocr_carea ocr_par ocr_line ocrx_word'/>
</head>
<body>
  <div class='ocr_page' id='page_1' title='image "./epistolarumbpau01berngoog_0342.png"; bbox 0 0 2512 4424; ppageno 0'>
   <div class='ocr_carea' id='block_1_1' title="bbox 349 297 1165 356">
    <p class='ocr_par' dir='ltr' id='par_1_1' title="bbox 349 297 1165 356">
     <span class='ocr_line' id='line_1_1' title="bbox 349 297 1165 356; baseline 0.005 -4"><span class='ocrx_word' id='word_1_1' title='bbox 349 301 520 354; x_wconf 77' lang='lat' dir='ltr'><strong>rnrrtnx</strong></span> <span class='ocrx_word' id='word_1_2' title='bbox 537 297 765 355; x_wconf 68' lang='lat' dir='ltr'><strong>expostus).</strong></span> <span class='ocrx_word' id='word_1_3' title='bbox 783 300 864 355; x_wconf 75' lang='lat' dir='ltr'><strong>GAP.</strong></span> <span class='ocrx_word' id='word_1_4' title='bbox 884 301 916 353; x_wconf 79' lang='lat' dir='ltr'><strong>V.</strong></span> <span class='ocrx_word' id='word_1_5' title='bbox 1112 304 1165 356; x_wconf 73' lang='lat' dir='ltr'><strong>aaa</strong></span> 
     </span>
    </p>
   </div>
   <div class='ocr_carea' id='block_1_2' title="bbox 100 390 1167 660">
    <p class='ocr_par' dir='ltr' id='par_1_2' title="bbox 100 390 1167 660">
     <span class='ocr_line' id='line_1_2' title="bbox 136 390 1166 461; baseline -0.008 -10"><span class='ocrx_word' id='word_1_6' title='bbox 136 396 163 446; x_wconf 79' lang='lat'><strong>5·</strong></span> <span class='ocrx_word' id='word_1_7' title='bbox 175 393 332 450; x_wconf 78' lang='lat' dir='ltr'><strong>Fornicatio</strong></span> <span class='ocrx_word' id='word_1_8' title='bbox 340 403 442 461; x_wconf 86' lang='lat' dir='ltr'><strong>autem,</strong></span> <span class='ocrx_word' id='word_1_9' title='bbox 450 403 478 450; x_wconf 86' lang='lat' dir='ltr'><strong>et</strong></span> <span class='ocrx_word' id='word_1_10' title='bbox 488 411 544 450; x_wconf 91' lang='lat' dir='ltr'><strong>orn-</strong></span> <span class='ocrx_word' id='word_1_11' title='bbox 597 394 799 445; x_wconf 81' lang='lat' dir='ltr'><strong>Fornicationem</strong></span> <span class='ocrx_word' id='word_1_12' title='bbox 817 397 903 445; x_wconf 88' lang='lat' dir='ltr'><strong>eutem</strong></span> <span class='ocrx_word' id='word_1_13' title='bbox 920 397 946 445; x_wconf 89' lang='lat' dir='ltr'><strong>et</strong></span> <span class='ocrx_word' id='word_1_14' title='bbox 961 390 1100 455; x_wconf 78' lang='lat' dir='ltr'><strong>quamlibet</strong></span> <span class='ocrx_word' id='word_1_15' title='bbox 1116 395 1166 443; x_wconf 92' lang='lat' dir='ltr'><strong>im·</strong></span> 
     </span>
     <span class='ocr_line' id='line_1_3' title="bbox 100 461 1167 538; baseline -0.004 -21"><span class='ocrx_word' id='word_1_16' title='bbox 100 469 145 522; x_wconf 86' lang='lat' dir='ltr'><strong>nis</strong></span> <span class='ocrx_word' id='word_1_17' title='bbox 155 471 541 538; x_wconf 58' lang='lat' dir='ltr'><strong>immundirta‚aucavar1112‚</strong></span> <span class='ocrx_word' id='word_1_18' title='bbox 566 464 736 523; x_wconf 87' lang='lat' dir='ltr'><strong>munditiam,</strong></span> <span class='ocrx_word' id='word_1_19' title='bbox 748 464 815 512; x_wconf 90' lang='lat' dir='ltr'><strong>sicut</strong></span> <span class='ocrx_word' id='word_1_20' title='bbox 825 467 851 512; x_wconf 90' lang='lat' dir='ltr'><strong>et</strong></span> <span class='ocrx_word' id='word_1_21' title='bbox 860 463 966 512; x_wconf 89' lang='lat' dir='ltr'><strong>nimiam</strong></span> <span class='ocrx_word' id='word_1_22' title='bbox 978 461 1088 513; x_wconf 84' lang='lat' dir='ltr'><strong>habendi</strong></span> <span class='ocrx_word' id='word_1_23' title='bbox 1097 463 1167 524; x_wconf 85' lang='lat' dir='ltr'><strong>cupi·</strong></span> 
     </span>
     <span class='ocr_line' id='line_1_4' title="bbox 100 530 1166 660; baseline -0.007 -58"><span class='ocrx_word' id='word_1_24' title='bbox 100 563 154 602; x_wconf 91' lang='lat' dir='ltr'><strong>nec</strong></span> <span class='ocrx_word' id='word_1_25' title='bbox 166 551 327 604; x_wconf 85' lang='lat' dir='ltr'><strong>nominetur</strong></span> <span class='ocrx_word' id='word_1_26' title='bbox 341 552 371 604; x_wconf 91' lang='lat' dir='ltr'><strong>in</strong></span> <span class='ocrx_word' id='word_1_27' title='bbox 385 553 479 618; x_wconf 83' lang='lat' dir='ltr'><strong>robis,</strong></span> <span class='ocrx_word' id='word_1_28' title='bbox 565 532 719 660; x_wconf 49' lang='lat' dir='ltr'><strong>gffiertffi</strong></span> <span class='ocrx_word' id='word_1_29' title='bbox 732 531 847 594; x_wconf 51' lang='lat' dir='ltr'><strong>misem»</strong></span> <span class='ocrx_word' id='word_1_30' title='bbox 860 536 889 583; x_wconf 67' lang='lat'><strong>⁰²</strong></span> <span class='ocrx_word' id='word_1_31' title='bbox 902 532 1037 594; x_wconf 52' lang='lat' dir='ltr'><strong>”widem</strong></span> <span class='ocrx_word' id='word_1_32' title='bbox 1048 530 1092 583; x_wconf 69' lang='lat'><strong>¹1¹²</strong></span> <span class='ocrx_word' id='word_1_33' title='bbox 1103 533 1166 583; x_wconf 60' lang='grc' dir='ltr'><strong>’ΝΕ</strong></span> 
     </span>
    </p>
   </div>
   <div class='ocr_carea' id='block_1_3' title="bbox 93 762 1168 2572">
    <p class='ocr_par' dir='ltr' id='par_1_3' title="bbox 99 762 1167 968">
     <span class='ocr_line' id='line_1_5' title="bbox 130 762 1167 831; baseline 0.005 -19"><span class='ocrx_word' id='word_1_34' title='bbox 130 762 238 813; x_wconf 80' lang='lat' dir='ltr'><strong>Videtur</strong></span> <span class='ocrx_word' id='word_1_35' title='bbox 255 763 387 826; x_wconf 76' lang='lat' dir='ltr'><strong>Apostolus</strong></span> <span class='ocrx_word' id='word_1_36' title='bbox 399 766 512 818; x_wconf 85' lang='lat' dir='ltr'><strong>alludere</strong></span> <span class='ocrx_word' id='word_1_37' title='bbox 525 767 558 818; x_wconf 88' lang='lat' dir='ltr'><strong>ad</strong></span> <span class='ocrx_word' id='word_1_38' title='bbox 569 768 595 818; x_wconf 89' lang='lat' dir='ltr'><strong>id</strong></span> <span class='ocrx_word' id='word_1_39' title='bbox 606 769 674 831; x_wconf 82' lang='lat' dir='ltr'><strong>qnod</strong></span> <span class='ocrx_word' id='word_1_40' title='bbox 686 769 717 818; x_wconf 84' lang='lat' dir='ltr'><strong>rie</strong></span> <span class='ocrx_word' id='word_1_41' title='bbox 732 769 784 818; x_wconf 89' lang='lat' dir='ltr'><strong>Noe</strong></span> <span class='ocrx_word' id='word_1_42' title='bbox 799 767 923 818; x_wconf 80' lang='lat' dir='ltr'><strong>sacrificio</strong></span> <span class='ocrx_word' id='word_1_43' title='bbox 934 768 1057 829; x_wconf 89' lang='lat' dir='ltr'><strong>sartpium</strong></span> <span class='ocrx_word' id='word_1_44' title='bbox 1068 771 1106 818; x_wconf 82' lang='lat' dir='ltr'><strong>est</strong></span> <span class='ocrx_word' id='word_1_45' title='bbox 1116 766 1167 817; x_wconf 86' lang='lat' dir='ltr'><strong>Ge·</strong></span> 
     </span>
     <span class='ocr_line' id='line_1_6' title="bbox 99 835 1166 899; baseline 0.002 -17"><span class='ocrx_word' id='word_1_46' title='bbox 99 844 154 883; x_wconf 86' lang='lat' dir='ltr'><strong>nes.</strong></span> <span class='ocrx_word' id='word_1_47' title='bbox 165 837 192 883; x_wconf 81' lang='lat'><strong>8.</strong></span> <span class='ocrx_word' id='word_1_48' title='bbox 206 836 234 883; x_wconf 85' lang='lat'><strong>21</strong></span> <span class='ocrx_word' id='word_1_49' title='bbox 250 853 256 883; x_wconf 72' lang='grc' dir='ltr'><strong>ι</strong></span> <span class='ocrx_word' id='word_1_50' title='bbox 272 835 397 884; x_wconf 76' lang='lat' dir='ltr'><strong>otiaretur</strong></span> <span class='ocrx_word' id='word_1_51' title='bbox 410 843 445 886; x_wconf 87' lang='lat' dir='ltr'><strong>ert</strong></span> <span class='ocrx_word' id='word_1_52' title='bbox 455 838 578 888; x_wconf 81' lang='lat' dir='ltr'><strong>Dominus</strong></span> <span class='ocrx_word' id='word_1_53' title='bbox 589 840 689 888; x_wconf 81' lang='lat' dir='ltr'><strong>odorem</strong></span> <span class='ocrx_word' id='word_1_54' title='bbox 700 839 844 896; x_wconf 74' lang='lat' dir='ltr'><strong>suavitatis,</strong></span> <span class='ocrx_word' id='word_1_55' title='bbox 852 843 875 887; x_wconf 85' lang='lat' dir='ltr'><strong>et</strong></span> <span class='ocrx_word' id='word_1_56' title='bbox 887 837 925 886; x_wconf 86' lang='lat' dir='ltr'><strong>ait</strong></span> <span class='ocrx_word' id='word_1_57' title='bbox 933 837 967 886; x_wconf 83' lang='lat' dir='ltr'><strong>ad</strong></span> <span class='ocrx_word' id='word_1_58' title='bbox 976 848 1033 885; x_wconf 83' lang='lat' dir='ltr'><strong>cam</strong></span> <span class='ocrx_word' id='word_1_59' title='bbox 1047 836 1166 899; x_wconf 79' lang='lat' dir='ltr'><strong>:Nepae-</strong></span> 
     </span>
     <span class='ocr_line' id='line_1_7' title="bbox 100 900 1100 968; baseline 0.012 -20"><span class='ocrx_word' id='word_1_60' title='bbox 100 915 178 964; x_wconf 75' lang='lat' dir='ltr'><strong>paam</strong></span> <span class='ocrx_word' id='word_1_61' title='bbox 193 900 264 950; x_wconf 85' lang='lat' dir='ltr'><strong>attrd</strong></span> <span class='ocrx_word' id='word_1_62' title='bbox 279 901 428 952; x_wconf 77' lang='lat' dir='ltr'><strong><em>maledicam</em></strong></span> <span class='ocrx_word' id='word_1_63' title='bbox 444 910 515 954; x_wconf 75' lang='lat' dir='ltr'><strong>ima</strong></span> <span class='ocrx_word' id='word_1_64' title='bbox 528 912 633 968; x_wconf 84' lang='lat' dir='ltr'><strong>propter</strong></span> <span class='ocrx_word' id='word_1_65' title='bbox 644 906 766 956; x_wconf 83' lang='lat' dir='ltr'><strong>homines.</strong></span> <span class='ocrx_word' id='word_1_66' title='bbox 1097 902 1100 909; x_wconf 69' lang='grc'><strong>“</strong></span> 
     </span>
    </p>

    <p class='ocr_par' dir='ltr' id='par_1_4' title="bbox 99 969 1168 1105">
     <span class='ocr_line' id='line_1_8' title="bbox 129 969 1168 1037; baseline 0 -16"><span class='ocrx_word' id='word_1_67' title='bbox 129 969 247 1021; x_wconf 87' lang='lat' dir='ltr'><strong>Christus</strong></span> <span class='ocrx_word' id='word_1_68' title='bbox 262 983 337 1021; x_wconf 86' lang='lat' dir='ltr'><strong>verus</strong></span> <span class='ocrx_word' id='word_1_69' title='bbox 352 973 412 1033; x_wconf 83' lang='lat' dir='ltr'><strong>Noe,</strong></span> <span class='ocrx_word' id='word_1_70' title='bbox 427 973 547 1024; x_wconf 77' lang='lat' dir='ltr'><strong>aditoria</strong></span> <span class='ocrx_word' id='word_1_71' title='bbox 558 979 719 1037; x_wconf 88' lang='lat' dir='ltr'><strong>peecatorum</strong></span> <span class='ocrx_word' id='word_1_72' title='bbox 734 989 780 1025; x_wconf 91' lang='lat' dir='ltr'><strong>nos</strong></span> <span class='ocrx_word' id='word_1_73' title='bbox 793 975 875 1024; x_wconf 84' lang='lat' dir='ltr'><strong>salvos</strong></span> <span class='ocrx_word' id='word_1_74' title='bbox 886 974 963 1033; x_wconf 87' lang='lat' dir='ltr'><strong>iecit,</strong></span> <span class='ocrx_word' id='word_1_75' title='bbox 978 976 1002 1023; x_wconf 87' lang='lat' dir='ltr'><strong>et</strong></span> <span class='ocrx_word' id='word_1_76' title='bbox 1011 973 1077 1023; x_wconf 84' lang='lat' dir='ltr'><strong>Deus</strong></span> <span class='ocrx_word' id='word_1_77' title='bbox 1088 973 1168 1034; x_wconf 80' lang='lat' dir='ltr'><strong>ipsius</strong></span> 
     </span>
     <span class='ocr_line' id='line_1_9' title="bbox 99 1037 1130 1105; baseline 0.003 -17"><span class='ocrx_word' id='word_1_78' title='bbox 99 1037 218 1088; x_wconf 82' lang='lat' dir='ltr'><strong>sacrificii</strong></span> <span class='ocrx_word' id='word_1_79' title='bbox 237 1038 312 1088; x_wconf 87' lang='lat' dir='ltr'><strong>adore</strong></span> <span class='ocrx_word' id='word_1_80' title='bbox 324 1043 472 1090; x_wconf 88' lang='lat' dir='ltr'><strong>suavissimo</strong></span> <span class='ocrx_word' id='word_1_81' title='bbox 488 1049 629 1105; x_wconf 87' lang='lat' dir='ltr'><strong>recreatus,</strong></span> <span class='ocrx_word' id='word_1_82' title='bbox 642 1043 754 1093; x_wconf 86' lang='lat' dir='ltr'><strong>decrerit</strong></span> <span class='ocrx_word' id='word_1_83' title='bbox 764 1042 911 1092; x_wconf 90' lang='lat' dir='ltr'><strong>hominibus</strong></span> <span class='ocrx_word' id='word_1_84' title='bbox 922 1055 948 1091; x_wconf 88' lang='lat' dir='ltr'><strong>se</strong></span> <span class='ocrx_word' id='word_1_85' title='bbox 961 1043 1130 1104; x_wconf 87' lang='lat' dir='ltr'><strong>parciturum.</strong></span> 
     </span>
    </p>

    <p class='ocr_par' dir='ltr' id='par_1_5' title="bbox 98 1114 1167 1248">
     <span class='ocr_line' id='line_1_10' title="bbox 128 1114 1167 1180; baseline 0.003 -19"><span class='ocrx_word' id='word_1_86' title='bbox 128 1115 160 1162; x_wconf 84' lang='lat' dir='ltr'><strong>ia</strong></span> <span class='ocrx_word' id='word_1_87' title='bbox 174 1114 276 1162; x_wconf 84' lang='lat' dir='ltr'><strong>ociorem</strong></span> <span class='ocrx_word' id='word_1_88' title='bbox 287 1151 294 1171; x_wconf 90' lang='lat'>‚</span> <span class='ocrx_word' id='word_1_89' title='bbox 307 1114 426 1163; x_wconf 82' lang='lat' dir='ltr'><strong>tribuitur</strong></span> <span class='ocrx_word' id='word_1_90' title='bbox 438 1115 555 1166; x_wconf 87' lang='lat' dir='ltr'><strong>odoratus</strong></span> <span class='ocrx_word' id='word_1_91' title='bbox 568 1118 618 1166; x_wconf 87' lang='lat' dir='ltr'><strong>beo</strong></span> <span class='ocrx_word' id='word_1_92' title='bbox 634 1123 659 1168; x_wconf 91' lang='lat' dir='ltr'><strong>et</strong></span> <span class='ocrx_word' id='word_1_93' title='bbox 672 1120 822 1180; x_wconf 81' lang='lat' dir='ltr'><strong>supponitur</strong></span> <span class='ocrx_word' id='word_1_94' title='bbox 836 1117 904 1178; x_wconf 81' lang='lat' dir='ltr'><strong>quod</strong></span> <span class='ocrx_word' id='word_1_95' title='bbox 921 1116 1102 1167; x_wconf 84' lang='lat' dir='ltr'><strong>sacrificiorum</strong></span> <span class='ocrx_word' id='word_1_96' title='bbox 1124 1115 1167 1165; x_wconf 85' lang='lat' dir='ltr'><strong>tu·</strong></span> 
     </span>
     <span class='ocr_line' id='line_1_11' title="bbox 98 1182 846 1248; baseline 0.008 -18"><span class='ocrx_word' id='word_1_97' title='bbox 98 1195 157 1230; x_wconf 88' lang='lat' dir='ltr'><strong>mus</strong></span> <span class='ocrx_word' id='word_1_98' title='bbox 169 1186 197 1231; x_wconf 90' lang='lat' dir='ltr'><strong>et</strong></span> <span class='ocrx_word' id='word_1_99' title='bbox 212 1182 275 1230; x_wconf 91' lang='lat' dir='ltr'><strong>odor</strong></span> <span class='ocrx_word' id='word_1_100' title='bbox 288 1183 334 1244; x_wconf 87' lang='lat' dir='ltr'><strong>ipsi</strong></span> <span class='ocrx_word' id='word_1_101' title='bbox 350 1182 482 1244; x_wconf 85' lang='lat' dir='ltr'><strong>placebant</strong></span> <span class='ocrx_word' id='word_1_102' title='bbox 500 1187 628 1248; x_wconf 80' lang='lat' dir='ltr'><strong>ipatusque</strong></span> <span class='ocrx_word' id='word_1_103' title='bbox 639 1187 760 1236; x_wconf 87' lang='lat' dir='ltr'><strong>sedabant</strong></span> <span class='ocrx_word' id='word_1_104' title='bbox 772 1189 846 1236; x_wconf 90' lang='lat' dir='ltr'><strong>iram.</strong></span> 
     </span>
    </p>

    <p class='ocr_par' dir='ltr' id='par_1_6' title="bbox 96 1250 1165 1454">
     <span class='ocr_line' id='line_1_12' title="bbox 127 1250 1165 1317; baseline 0.004 -17"><span class='ocrx_word' id='word_1_105' title='bbox 127 1251 224 1301; x_wconf 80' lang='lat' dir='ltr'><strong>Christi</strong></span> <span class='ocrx_word' id='word_1_106' title='bbox 240 1255 327 1300; x_wconf 87' lang='lat' dir='ltr'><strong>autern</strong></span> <span class='ocrx_word' id='word_1_107' title='bbox 340 1250 492 1302; x_wconf 79' lang='lat' dir='ltr'><strong>sacrificium</strong></span> <span class='ocrx_word' id='word_1_108' title='bbox 509 1254 559 1305; x_wconf 85' lang='lat' dir='ltr'><strong>beo</strong></span> <span class='ocrx_word' id='word_1_109' title='bbox 577 1257 749 1317; x_wconf 79' lang='lat' dir='ltr'><strong>gratissimum</strong></span> <span class='ocrx_word' id='word_1_110' title='bbox 762 1255 829 1317; x_wconf 84' lang='lat' dir='ltr'><strong>tuit,</strong></span> <span class='ocrx_word' id='word_1_111' title='bbox 841 1259 877 1306; x_wconf 89' lang='lat' dir='ltr'><strong>ita</strong></span> <span class='ocrx_word' id='word_1_112' title='bbox 891 1259 920 1305; x_wconf 89' lang='lat' dir='ltr'><strong>ut</strong></span> <span class='ocrx_word' id='word_1_113' title='bbox 938 1266 1072 1315; x_wconf 81' lang='lat' dir='ltr'><strong>uunquam</strong></span> <span class='ocrx_word' id='word_1_114' title='bbox 1084 1252 1165 1305; x_wconf 89' lang='lat' dir='ltr'><strong>oiiutn</strong></span> 
     </span>
     <span class='ocr_line' id='line_1_13' title="bbox 96 1322 1165 1441; baseline 0.006 -70"><span class='ocrx_word' id='word_1_115' title='bbox 96 1324 196 1441; x_wconf 49' lang='lat' dir='ltr'><strong>gratio?</strong></span> <span class='ocrx_word' id='word_1_116' title='bbox 206 1333 260 1371; x_wconf 87' lang='lat' dir='ltr'><strong>esse</strong></span> <span class='ocrx_word' id='word_1_117' title='bbox 274 1322 383 1384; x_wconf 89' lang='lat' dir='ltr'><strong>potuerit</strong></span> <span class='ocrx_word' id='word_1_118' title='bbox 396 1340 404 1370; x_wconf 75' lang='lat' dir='ltr'><strong>s</strong></span> <span class='ocrx_word' id='word_1_119' title='bbox 417 1322 460 1372; x_wconf 90' lang='lat' dir='ltr'><strong>sed</strong></span> <span class='ocrx_word' id='word_1_120' title='bbox 472 1329 572 1388; x_wconf 88' lang='lat' dir='ltr'><strong>propter</strong></span> <span class='ocrx_word' id='word_1_121' title='bbox 583 1327 667 1389; x_wconf 89' lang='lat' dir='ltr'><strong>ipsum</strong></span> <span class='ocrx_word' id='word_1_122' title='bbox 680 1333 750 1389; x_wconf 78' lang='lat' dir='ltr'><strong>grata</strong></span> <span class='ocrx_word' id='word_1_123' title='bbox 760 1327 855 1377; x_wconf 86' lang='lat' dir='ltr'><strong>tuerint</strong></span> <span class='ocrx_word' id='word_1_124' title='bbox 864 1337 1019 1389; x_wconf 78' lang='lat' dir='ltr'><strong>quecunque</strong></span> <span class='ocrx_word' id='word_1_125' title='bbox 1030 1324 1165 1388; x_wconf 64' lang='lat' dir='ltr'><strong>manando</strong></span> 
     </span>
     <span class='ocr_line' id='line_1_14' title="bbox 96 1394 295 1454; baseline -0.005 -13"><span class='ocrx_word' id='word_1_126' title='bbox 96 1394 168 1454; x_wconf 70' lang='lat' dir='ltr'><strong>prata</strong></span> <span class='ocrx_word' id='word_1_127' title='bbox 193 1397 295 1442; x_wconf 89' lang='lat' dir='ltr'><strong>uerunt.</strong></span> 
     </span>
    </p>

    <p class='ocr_par' dir='ltr' id='par_1_7' title="bbox 126 1463 1133 1529">
     <span class='ocr_line' id='line_1_15' title="bbox 126 1463 1133 1529; baseline 0.004 -17"><span class='ocrx_word' id='word_1_128' title='bbox 126 1463 194 1525; x_wconf 83' lang='lat' dir='ltr'><strong>Quia</strong></span> <span class='ocrx_word' id='word_1_129' title='bbox 209 1463 325 1514; x_wconf 86' lang='lat' dir='ltr'><strong>Christus</strong></span> <span class='ocrx_word' id='word_1_130' title='bbox 341 1466 393 1528; x_wconf 85' lang='lat' dir='ltr'><strong>ipse</strong></span> <span class='ocrx_word' id='word_1_131' title='bbox 403 1505 410 1527; x_wconf 88' lang='lat'>‚</span> <span class='ocrx_word' id='word_1_132' title='bbox 422 1465 501 1515; x_wconf 83' lang='lat' dir='ltr'><strong>iionro</strong></span> <span class='ocrx_word' id='word_1_133' title='bbox 515 1465 580 1518; x_wconf 82' lang='lat' dir='ltr'><strong>Deus</strong></span> <span class='ocrx_word' id='word_1_134' title='bbox 590 1468 723 1529; x_wconf 85' lang='lat' dir='ltr'><strong>,sacrissaii</strong></span> <span class='ocrx_word' id='word_1_135' title='bbox 735 1469 775 1519; x_wconf 90' lang='lat' dir='ltr'><strong>sui</strong></span> <span class='ocrx_word' id='word_1_136' title='bbox 789 1468 904 1518; x_wconf 88' lang='lat' dir='ltr'><strong>sacerdos</strong></span> <span class='ocrx_word' id='word_1_137' title='bbox 924 1467 972 1518; x_wconf 83' lang='lat' dir='ltr'><strong>fuit</strong></span> <span class='ocrx_word' id='word_1_138' title='bbox 983 1471 1009 1517; x_wconf 90' lang='lat' dir='ltr'><strong>et</strong></span> <span class='ocrx_word' id='word_1_139' title='bbox 1021 1469 1133 1517; x_wconf 83' lang='lat' dir='ltr'><strong>victima.</strong></span> 
     </span>
    </p>

    <p class='ocr_par' dir='ltr' id='par_1_8' title="bbox 95 1534 1165 1664">
     <span class='ocr_line' id='line_1_16' title="bbox 126 1534 1165 1598; baseline 0.001 -14"><span class='ocrx_word' id='word_1_140' title='bbox 126 1534 254 1584; x_wconf 81' lang='lat' dir='ltr'><strong>Sacerdos</strong></span> <span class='ocrx_word' id='word_1_141' title='bbox 271 1536 395 1595; x_wconf 80' lang='lat' dir='ltr'><strong>offerens,</strong></span> <span class='ocrx_word' id='word_1_142' title='bbox 410 1549 460 1585; x_wconf 94' lang='lat' dir='ltr'><strong>non</strong></span> <span class='ocrx_word' id='word_1_143' title='bbox 481 1536 557 1586; x_wconf 93' lang='lat' dir='ltr'><strong>homo</strong></span> <span class='ocrx_word' id='word_1_144' title='bbox 571 1538 672 1587; x_wconf 83' lang='lat' dir='ltr'><strong>tanturn</strong></span> <span class='ocrx_word' id='word_1_145' title='bbox 684 1575 691 1598; x_wconf 85' lang='lat'><em>,</em></span> <span class='ocrx_word' id='word_1_146' title='bbox 705 1537 748 1586; x_wconf 89' lang='lat' dir='ltr'><strong>sed</strong></span> <span class='ocrx_word' id='word_1_147' title='bbox 765 1538 844 1588; x_wconf 87' lang='lat' dir='ltr'><strong>Homo</strong></span> <span class='ocrx_word' id='word_1_148' title='bbox 859 1538 940 1597; x_wconf 83' lang='lat' dir='ltr'><strong>licus,</strong></span> <span class='ocrx_word' id='word_1_149' title='bbox 954 1537 1062 1587; x_wconf 82' lang='lat' dir='ltr'><strong>otiereos</strong></span> <span class='ocrx_word' id='word_1_150' title='bbox 1073 1539 1165 1586; x_wconf 85' lang='lat' dir='ltr'><strong>&#39;autem</strong></span> 
     </span>
     <span class='ocr_line' id='line_1_17' title="bbox 95 1603 1163 1664; baseline 0.001 -11"><span class='ocrx_word' id='word_1_151' title='bbox 95 1615 150 1653; x_wconf 90' lang='lat' dir='ltr'><strong>non</strong></span> <span class='ocrx_word' id='word_1_152' title='bbox 164 1606 287 1664; x_wconf 88' lang='lat' dir='ltr'><strong>coactus,</strong></span> <span class='ocrx_word' id='word_1_153' title='bbox 303 1603 347 1653; x_wconf 91' lang='lat' dir='ltr'><strong>sed</strong></span> <span class='ocrx_word' id='word_1_154' title='bbox 363 1604 442 1654; x_wconf 88' lang='lat' dir='ltr'><strong>iibens</strong></span> <span class='ocrx_word' id='word_1_155' title='bbox 455 1608 479 1653; x_wconf 87' lang='lat' dir='ltr'><strong>et</strong></span> <span class='ocrx_word' id='word_1_156' title='bbox 491 1603 595 1664; x_wconf 79' lang='lat' dir='ltr'><strong>uolens,</strong></span> <span class='ocrx_word' id='word_1_157' title='bbox 610 1617 640 1654; x_wconf 85' lang='lat' dir='ltr'><strong>ex</strong></span> <span class='ocrx_word' id='word_1_158' title='bbox 654 1605 776 1655; x_wconf 88' lang='lat' dir='ltr'><strong>charitate</strong></span> <span class='ocrx_word' id='word_1_159' title='bbox 790 1626 797 1653; x_wconf 74' lang='lat' dir='ltr'><strong>e</strong></span> <span class='ocrx_word' id='word_1_160' title='bbox 815 1606 909 1656; x_wconf 85' lang='lat' dir='ltr'><strong>Diicait</strong></span> <span class='ocrx_word' id='word_1_161' title='bbox 920 1621 965 1656; x_wconf 79' lang='lat' dir='ltr'><strong>aar</strong></span> <span class='ocrx_word' id='word_1_162' title='bbox 975 1612 997 1656; x_wconf 83' lang='lat' dir='ltr'><strong>et</strong></span> <span class='ocrx_word' id='word_1_163' title='bbox 1008 1605 1114 1655; x_wconf 80' lang='lat' dir='ltr'><strong>tradidit</strong></span> <span class='ocrx_word' id='word_1_164' title='bbox 1116 1639 1163 1654; x_wconf 90' lang='grc'><strong>.....</strong></span> 
     </span>
    </p>

    <p class='ocr_par' dir='ltr' id='par_1_9' title="bbox 93 1671 1164 1804">
     <span class='ocr_line' id='line_1_18' title="bbox 127 1671 1164 1738; baseline 0.001 -17"><span class='ocrx_word' id='word_1_165' title='bbox 127 1671 258 1731; x_wconf 82' lang='lat' dir='ltr'><strong>Victima,</strong></span> <span class='ocrx_word' id='word_1_166' title='bbox 275 1685 326 1722; x_wconf 92' lang='lat' dir='ltr'><strong>non</strong></span> <span class='ocrx_word' id='word_1_167' title='bbox 346 1686 420 1736; x_wconf 87' lang='lat' dir='ltr'><strong>apes,</strong></span> <span class='ocrx_word' id='word_1_168' title='bbox 436 1687 488 1724; x_wconf 91' lang='lat' dir='ltr'><strong>noo</strong></span> <span class='ocrx_word' id='word_1_169' title='bbox 514 1673 678 1735; x_wconf 59' lang='lat' dir='ltr'><strong>eugamon</strong></span> <span class='ocrx_word' id='word_1_170' title='bbox 697 1675 793 1723; x_wconf 88' lang='lat' dir='ltr'><strong>animal</strong></span> <span class='ocrx_word' id='word_1_171' title='bbox 805 1712 811 1733; x_wconf 89' lang='lat'><strong><em>‚</em></strong></span> <span class='ocrx_word' id='word_1_172' title='bbox 822 1679 874 1724; x_wconf 86' lang='lat' dir='ltr'><strong>eto.</strong></span> <span class='ocrx_word' id='word_1_173' title='bbox 899 1674 942 1723; x_wconf 89' lang='lat' dir='ltr'><strong>sed</strong></span> <span class='ocrx_word' id='word_1_174' title='bbox 959 1677 1065 1738; x_wconf 86' lang='lat' dir='ltr'><strong>ipsemet</strong></span> <span class='ocrx_word' id='word_1_175' title='bbox 1085 1673 1164 1725; x_wconf 82' lang='lat' dir='ltr'><strong>Homo</strong></span> 
     </span>
     <span class='ocr_line' id='line_1_19' title="bbox 93 1739 961 1804; baseline 0.003 -15"><span class='ocrx_word' id='word_1_176' title='bbox 93 1739 185 1790; x_wconf 74' lang='lat' dir='ltr'><strong>Dauos</strong></span> <span class='ocrx_word' id='word_1_177' title='bbox 204 1742 311 1790; x_wconf 83' lang='lat' dir='ltr'><strong>tradidit</strong></span> <span class='ocrx_word' id='word_1_178' title='bbox 317 1743 490 1804; x_wconf 79' lang='lat' dir='ltr'><strong>semetipsum,</strong></span> <span class='ocrx_word' id='word_1_179' title='bbox 504 1745 587 1791; x_wconf 91' lang='lat' dir='ltr'><strong>toturn</strong></span> <span class='ocrx_word' id='word_1_180' title='bbox 598 1779 605 1802; x_wconf 85' lang='lat'><em>,</em></span> <span class='ocrx_word' id='word_1_181' title='bbox 616 1746 727 1803; x_wconf 83' lang='lat' dir='ltr'><strong>quantus</strong></span> <span class='ocrx_word' id='word_1_182' title='bbox 740 1748 777 1791; x_wconf 86' lang='lat' dir='ltr'><strong>est</strong></span> <span class='ocrx_word' id='word_1_183' title='bbox 791 1744 870 1792; x_wconf 83' lang='lat' dir='ltr'><strong>Homo</strong></span> <span class='ocrx_word' id='word_1_184' title='bbox 886 1743 961 1792; x_wconf 85' lang='lat' dir='ltr'><strong>licus.</strong></span> 
     </span>
    </p>

    <p class='ocr_par' dir='ltr' id='par_1_10' title="bbox 93 1811 1166 2085">
     <span class='ocr_line' id='line_1_20' title="bbox 124 1811 1165 1876; baseline -0.001 -14"><span class='ocrx_word' id='word_1_185' title='bbox 124 1813 183 1863; x_wconf 84' lang='lat' dir='ltr'><strong>Pro</strong></span> <span class='ocrx_word' id='word_1_186' title='bbox 195 1812 286 1871; x_wconf 82' lang='lat' dir='ltr'><strong>nobie,</strong></span> <span class='ocrx_word' id='word_1_187' title='bbox 298 1826 350 1863; x_wconf 94' lang='lat' dir='ltr'><strong>non</strong></span> <span class='ocrx_word' id='word_1_188' title='bbox 366 1818 478 1872; x_wconf 80' lang='lat' dir='ltr'><strong>sanctis,</strong></span> <span class='ocrx_word' id='word_1_189' title='bbox 494 1827 545 1864; x_wconf 93' lang='lat' dir='ltr'><strong>non</strong></span> <span class='ocrx_word' id='word_1_190' title='bbox 557 1816 664 1874; x_wconf 87' lang='lat' dir='ltr'><strong>anriois,</strong></span> <span class='ocrx_word' id='word_1_191' title='bbox 680 1814 723 1863; x_wconf 88' lang='lat' dir='ltr'><strong>sed</strong></span> <span class='ocrx_word' id='word_1_192' title='bbox 737 1827 782 1875; x_wconf 93' lang='lat' dir='ltr'><strong>pro</strong></span> <span class='ocrx_word' id='word_1_193' title='bbox 801 1814 873 1863; x_wconf 92' lang='lat' dir='ltr'><strong>nobis</strong></span> <span class='ocrx_word' id='word_1_194' title='bbox 885 1811 1056 1876; x_wconf 85' lang='lat' dir='ltr'><strong>peccatoribus</strong></span> <span class='ocrx_word' id='word_1_195' title='bbox 1068 1816 1094 1862; x_wconf 89' lang='lat' dir='ltr'><strong>et</strong></span> <span class='ocrx_word' id='word_1_196' title='bbox 1114 1814 1165 1862; x_wconf 91' lang='lat' dir='ltr'><strong>ini-</strong></span> 
     </span>
     <span class='ocr_line' id='line_1_21' title="bbox 93 1884 1166 1946; baseline -0.004 -11"><span class='ocrx_word' id='word_1_197' title='bbox 93 1884 172 1935; x_wconf 87' lang='lat' dir='ltr'><strong>micia</strong></span> <span class='ocrx_word' id='word_1_198' title='bbox 187 1895 195 1930; x_wconf 74' lang='grc' dir='ltr'>ι</span> <span class='ocrx_word' id='word_1_199' title='bbox 209 1886 239 1932; x_wconf 92' lang='lat' dir='ltr'><strong>ut</strong></span> <span class='ocrx_word' id='word_1_200' title='bbox 256 1887 415 1946; x_wconf 86' lang='lat' dir='ltr'><strong>peccatorum</strong></span> <span class='ocrx_word' id='word_1_201' title='bbox 429 1891 573 1936; x_wconf 89' lang='lat' dir='ltr'><strong>nostrorum</strong></span> <span class='ocrx_word' id='word_1_202' title='bbox 587 1886 687 1934; x_wconf 85' lang='lat' dir='ltr'><strong>veniam</strong></span> <span class='ocrx_word' id='word_1_203' title='bbox 699 1888 837 1932; x_wconf 86' lang='lat' dir='ltr'><strong>mereretur</strong></span> <span class='ocrx_word' id='word_1_204' title='bbox 853 1901 860 1932; x_wconf 77' lang='lat' dir='ltr'><strong>r</strong></span> <span class='ocrx_word' id='word_1_205' title='bbox 874 1888 902 1931; x_wconf 91' lang='lat' dir='ltr'><strong>ut</strong></span> <span class='ocrx_word' id='word_1_206' title='bbox 912 1919 919 1943; x_wconf 86' lang='lat'>,</span> <span class='ocrx_word' id='word_1_207' title='bbox 930 1886 1091 1943; x_wconf 89' lang='lat' dir='ltr'><strong>peccatorum</strong></span> <span class='ocrx_word' id='word_1_208' title='bbox 1105 1895 1166 1932; x_wconf 59' lang='lat' dir='ltr'><strong>noe</strong></span> 
     </span>
     <span class='ocr_line' id='line_1_22' title="bbox 93 1949 1166 2014; baseline -0.003 -12"><span class='ocrx_word' id='word_1_209' title='bbox 93 1959 200 2004; x_wconf 90' lang='lat' dir='ltr'><strong>trorum</strong></span> <span class='ocrx_word' id='word_1_210' title='bbox 213 1951 293 2001; x_wconf 79' lang='lat' dir='ltr'><strong>fetore</strong></span> <span class='ocrx_word' id='word_1_211' title='bbox 307 1955 379 2013; x_wconf 82' lang='lat' dir='ltr'><strong>quasi</strong></span> <span class='ocrx_word' id='word_1_212' title='bbox 392 1954 407 2002; x_wconf 74' lang='lat' dir='ltr'><strong>i</strong></span> <span class='ocrx_word' id='word_1_213' title='bbox 418 1953 461 2002; x_wconf 86' lang='lat' dir='ltr'><strong>bet</strong></span> <span class='ocrx_word' id='word_1_214' title='bbox 478 1953 582 2003; x_wconf 88' lang='lat' dir='ltr'><strong>naribus</strong></span> <span class='ocrx_word' id='word_1_215' title='bbox 595 1952 694 2013; x_wconf 83' lang='lat' dir='ltr'><strong>ablato,</strong></span> <span class='ocrx_word' id='word_1_216' title='bbox 707 1953 848 2014; x_wconf 78' lang='lat' dir='ltr'><strong>gratissimo</strong></span> <span class='ocrx_word' id='word_1_217' title='bbox 862 1949 978 2000; x_wconf 75' lang='lat' dir='ltr'><strong>sacrificii</strong></span> <span class='ocrx_word' id='word_1_218' title='bbox 989 1951 1030 1999; x_wconf 91' lang='lat' dir='ltr'><strong>sui</strong></span> <span class='ocrx_word' id='word_1_219' title='bbox 1044 1949 1119 1999; x_wconf 90' lang='lat' dir='ltr'><strong>odore</strong></span> <span class='ocrx_word' id='word_1_220' title='bbox 1128 1962 1166 2000; x_wconf 83' lang='lat' dir='ltr'><strong>re-</strong></span> 
     </span>
     <span class='ocr_line' id='line_1_23' title="bbox 94 2020 683 2085; baseline 0 -13"><span class='ocrx_word' id='word_1_221' title='bbox 94 2024 217 2083; x_wconf 86' lang='lat' dir='ltr'><strong>creatus,</strong></span> <span class='ocrx_word' id='word_1_222' title='bbox 226 2020 385 2084; x_wconf 74' lang='lat' dir='ltr'><strong>placaretur,</strong></span> <span class='ocrx_word' id='word_1_223' title='bbox 396 2028 422 2072; x_wconf 89' lang='lat' dir='ltr'><strong>et</strong></span> <span class='ocrx_word' id='word_1_224' title='bbox 435 2022 547 2085; x_wconf 85' lang='lat' dir='ltr'><strong>placatus</strong></span> <span class='ocrx_word' id='word_1_225' title='bbox 560 2025 683 2085; x_wconf 80' lang='lat' dir='ltr'><strong>parceret.</strong></span> 
     </span>
    </p>

    <p class='ocr_par' dir='ltr' id='par_1_11' title="bbox 94 2086 1166 2225">
     <span class='ocr_line' id='line_1_24' title="bbox 125 2086 1166 2154; baseline -0.003 -13"><span class='ocrx_word' id='word_1_226' title='bbox 125 2090 168 2142; x_wconf 80' lang='lat' dir='ltr'><strong>iix</strong></span> <span class='ocrx_word' id='word_1_227' title='bbox 177 2090 231 2141; x_wconf 89' lang='lat' dir='ltr'><strong>hoa</strong></span> <span class='ocrx_word' id='word_1_228' title='bbox 245 2102 303 2153; x_wconf 78' lang='lat' dir='ltr'><strong>argo</strong></span> <span class='ocrx_word' id='word_1_229' title='bbox 315 2090 406 2142; x_wconf 81' lang='lat' dir='ltr'><strong>Christi</strong></span> <span class='ocrx_word' id='word_1_230' title='bbox 421 2092 544 2143; x_wconf 78' lang='lat' dir='ltr'><strong>sacrificio</strong></span> <span class='ocrx_word' id='word_1_231' title='bbox 563 2105 609 2154; x_wconf 88' lang='lat' dir='ltr'><strong>pro</strong></span> <span class='ocrx_word' id='word_1_232' title='bbox 628 2093 681 2140; x_wconf 87' lang='lat' dir='ltr'><strong>suis</strong></span> <span class='ocrx_word' id='word_1_233' title='bbox 695 2090 806 2141; x_wconf 88' lang='lat' dir='ltr'><strong>inimicis</strong></span> <span class='ocrx_word' id='word_1_234' title='bbox 816 2086 899 2137; x_wconf 88' lang='lat' dir='ltr'><strong>oblato</strong></span> <span class='ocrx_word' id='word_1_235' title='bbox 908 2087 1036 2138; x_wconf 87' lang='lat' dir='ltr'><strong>discamus</strong></span> <span class='ocrx_word' id='word_1_236' title='bbox 1049 2089 1166 2138; x_wconf 81' lang='lat' dir='ltr'><strong>inimicos</strong></span> 
     </span>
     <span class='ocr_line' id='line_1_25' title="bbox 94 2160 680 2225; baseline -0.003 -13"><span class='ocrx_word' id='word_1_237' title='bbox 94 2160 223 2224; x_wconf 75' lang='lat' dir='ltr'><strong>diligere,</strong></span> <span class='ocrx_word' id='word_1_238' title='bbox 238 2162 279 2220; x_wconf 86' lang='lat' dir='ltr'><strong>et,</strong></span> <span class='ocrx_word' id='word_1_239' title='bbox 289 2161 310 2209; x_wconf 91' lang='lat' dir='ltr'><strong>si</strong></span> <span class='ocrx_word' id='word_1_240' title='bbox 324 2172 387 2224; x_wconf 89' lang='lat' dir='ltr'><strong>opus</strong></span> <span class='ocrx_word' id='word_1_241' title='bbox 401 2164 453 2223; x_wconf 86' lang='lat' dir='ltr'><strong>stt,</strong></span> <span class='ocrx_word' id='word_1_242' title='bbox 470 2175 515 2224; x_wconf 91' lang='lat' dir='ltr'><strong>pra</strong></span> <span class='ocrx_word' id='word_1_243' title='bbox 534 2163 594 2225; x_wconf 89' lang='lat' dir='ltr'><strong>ipsis</strong></span> <span class='ocrx_word' id='word_1_244' title='bbox 606 2162 680 2211; x_wconf 90' lang='lat' dir='ltr'><strong>mori.</strong></span> 
     </span>
    </p>

    <p class='ocr_par' dir='ltr' id='par_1_12' title="bbox 93 2229 1168 2572">
     <span class='ocr_line' id='line_1_26' title="bbox 126 2229 1167 2293; baseline -0.004 -12"><span class='ocrx_word' id='word_1_245' title='bbox 126 2230 163 2282; x_wconf 78' lang='lat' dir='ltr'><strong>Ar</strong></span> <span class='ocrx_word' id='word_1_246' title='bbox 175 2229 268 2281; x_wconf 85' lang='lat' dir='ltr'><strong>exhoo</strong></span> <span class='ocrx_word' id='word_1_247' title='bbox 286 2229 340 2280; x_wconf 83' lang='lat' dir='ltr'><strong>i&#39;ilii</strong></span> <span class='ocrx_word' id='word_1_248' title='bbox 359 2231 403 2281; x_wconf 88' lang='lat' dir='ltr'><strong>liei</strong></span> <span class='ocrx_word' id='word_1_249' title='bbox 423 2233 565 2292; x_wconf 79' lang='lat' dir='ltr'><strong>sacrificio,</strong></span> <span class='ocrx_word' id='word_1_250' title='bbox 578 2232 628 2281; x_wconf 85' lang='lat' dir='ltr'><strong>beo</strong></span> <span class='ocrx_word' id='word_1_251' title='bbox 647 2231 788 2293; x_wconf 78' lang='lat' dir='ltr'><strong>gratissimo</strong></span> <span class='ocrx_word' id='word_1_252' title='bbox 803 2233 887 2293; x_wconf 86' lang='lat' dir='ltr'><strong>cipro</strong></span> <span class='ocrx_word' id='word_1_253' title='bbox 905 2229 977 2279; x_wconf 90' lang='lat' dir='ltr'><strong>nobis</strong></span> <span class='ocrx_word' id='word_1_254' title='bbox 994 2229 1167 2292; x_wconf 83' lang='lat' dir='ltr'><strong>peccatoribus</strong></span> 
     </span>
     <span class='ocr_line' id='line_1_27' title="bbox 93 2299 1167 2364; baseline -0.001 -14"><span class='ocrx_word' id='word_1_255' title='bbox 93 2302 202 2360; x_wconf 87' lang='lat' dir='ltr'><strong>oblato,</strong></span> <span class='ocrx_word' id='word_1_256' title='bbox 218 2300 348 2350; x_wconf 89' lang='lat' dir='ltr'><strong>discamus</strong></span> <span class='ocrx_word' id='word_1_257' title='bbox 359 2301 421 2351; x_wconf 91' lang='lat' dir='ltr'><strong>iilud</strong></span> <span class='ocrx_word' id='word_1_258' title='bbox 434 2303 554 2352; x_wconf 83' lang='lat' dir='ltr'><strong>continue</strong></span> <span class='ocrx_word' id='word_1_259' title='bbox 569 2304 618 2351; x_wconf 85' lang='lat' dir='ltr'><strong>Deo</strong></span> <span class='ocrx_word' id='word_1_260' title='bbox 630 2315 675 2364; x_wconf 92' lang='lat' dir='ltr'><strong>pro</strong></span> <span class='ocrx_word' id='word_1_261' title='bbox 689 2304 781 2350; x_wconf 90' lang='lat' dir='ltr'><strong>nostris</strong></span> <span class='ocrx_word' id='word_1_262' title='bbox 794 2302 902 2364; x_wconf 84' lang='lat' dir='ltr'><strong>peccatis</strong></span> <span class='ocrx_word' id='word_1_263' title='bbox 913 2300 1012 2350; x_wconf 87' lang='lat' dir='ltr'><strong>oti&#39;erre.</strong></span> <span class='ocrx_word' id='word_1_264' title='bbox 1026 2299 1055 2350; x_wconf 90' lang='lat' dir='ltr'><strong>in</strong></span> <span class='ocrx_word' id='word_1_265' title='bbox 1066 2299 1114 2349; x_wconf 91' lang='lat' dir='ltr'><strong>hoa</strong></span> <span class='ocrx_word' id='word_1_266' title='bbox 1125 2311 1167 2349; x_wconf 90' lang='lat' dir='ltr'><strong>sa-</strong></span> 
     </span>
     <span class='ocr_line' id='line_1_28' title="bbox 95 2369 1166 2433; baseline -0.006 -11"><span class='ocrx_word' id='word_1_267' title='bbox 95 2370 199 2422; x_wconf 88' lang='lat' dir='ltr'><strong>criiicio</strong></span> <span class='ocrx_word' id='word_1_268' title='bbox 211 2371 247 2419; x_wconf 91' lang='lat' dir='ltr'><strong>sit</strong></span> <span class='ocrx_word' id='word_1_269' title='bbox 257 2372 310 2419; x_wconf 89' lang='lat' dir='ltr'><strong>iota</strong></span> <span class='ocrx_word' id='word_1_270' title='bbox 327 2375 411 2420; x_wconf 86' lang='lat' dir='ltr'><strong>nostra</strong></span> <span class='ocrx_word' id='word_1_271' title='bbox 424 2384 480 2433; x_wconf 86' lang='lat' dir='ltr'><strong>spes</strong></span> <span class='ocrx_word' id='word_1_272' title='bbox 494 2376 518 2421; x_wconf 85' lang='lat' dir='ltr'><strong>et</strong></span> <span class='ocrx_word' id='word_1_273' title='bbox 537 2371 628 2421; x_wconf 88' lang='lat' dir='ltr'><strong>iiducia</strong></span> <span class='ocrx_word' id='word_1_274' title='bbox 640 2383 647 2414; x_wconf 72' lang='grc' dir='ltr'><strong>ε</strong></span> <span class='ocrx_word' id='word_1_275' title='bbox 657 2384 717 2419; x_wconf 91' lang='lat' dir='ltr'><strong>cum</strong></span> <span class='ocrx_word' id='word_1_276' title='bbox 736 2375 823 2419; x_wconf 86' lang='lat' dir='ltr'><strong>sancta</strong></span> <span class='ocrx_word' id='word_1_277' title='bbox 840 2369 1055 2430; x_wconf 83' lang='lat' dir='ltr'><strong>Ecclesia,matre</strong></span> <span class='ocrx_word' id='word_1_278' title='bbox 1067 2369 1166 2426; x_wconf 84' lang='lat' dir='ltr'><strong>nostri,</strong></span> 
     </span>
     <span class='ocr_line' id='line_1_29' title="bbox 94 2437 1168 2504; baseline -0.004 -13"><span class='ocrx_word' id='word_1_279' title='bbox 94 2442 249 2504; x_wconf 80' lang='lat' dir='ltr'><strong>frequenter</strong></span> <span class='ocrx_word' id='word_1_280' title='bbox 256 2452 358 2489; x_wconf 88' lang='lat' dir='ltr'><strong>oremus</strong></span> <span class='ocrx_word' id='word_1_281' title='bbox 367 2459 373 2489; x_wconf 69' lang='grc' dir='ltr'><strong><em>ε</em></strong></span> <span class='ocrx_word' id='word_1_282' title='bbox 383 2453 427 2503; x_wconf 88' lang='lat' dir='ltr'><strong>per</strong></span> <span class='ocrx_word' id='word_1_283' title='bbox 441 2446 549 2491; x_wconf 90' lang='lat' dir='ltr'><strong>mortem</strong></span> <span class='ocrx_word' id='word_1_284' title='bbox 562 2445 587 2490; x_wconf 91' lang='lat' dir='ltr'><strong>et</strong></span> <span class='ocrx_word' id='word_1_285' title='bbox 598 2441 754 2503; x_wconf 86' lang='lat' dir='ltr'><strong>sepulturam</strong></span> <span class='ocrx_word' id='word_1_286' title='bbox 764 2445 854 2500; x_wconf 88' lang='lat' dir='ltr'><strong>tuam,</strong></span> <span class='ocrx_word' id='word_1_287' title='bbox 868 2442 916 2489; x_wconf 89' lang='lat' dir='ltr'><strong>etc.</strong></span> <span class='ocrx_word' id='word_1_288' title='bbox 932 2439 1107 2502; x_wconf 74' lang='lat' dir='ltr'><strong>permanebis,</strong></span> <span class='ocrx_word' id='word_1_289' title='bbox 1120 2437 1168 2487; x_wconf 86' lang='lat' dir='ltr'><strong>bo-</strong></span> 
     </span>
     <span class='ocr_line' id='line_1_30' title="bbox 95 2509 552 2572; baseline -0.002 -11"><span class='ocrx_word' id='word_1_290' title='bbox 95 2513 181 2561; x_wconf 87' lang='lat' dir='ltr'><strong>mine.</strong></span> <span class='ocrx_word' id='word_1_291' title='bbox 199 2509 290 2559; x_wconf 86' lang='lat' dir='ltr'><strong>Libera</strong></span> <span class='ocrx_word' id='word_1_292' title='bbox 302 2521 358 2570; x_wconf 90' lang='lat' dir='ltr'><strong>nos,</strong></span> <span class='ocrx_word' id='word_1_293' title='bbox 370 2509 490 2572; x_wconf 84' lang='lat' dir='ltr'><strong>Domine,</strong></span> <span class='ocrx_word' id='word_1_294' title='bbox 504 2515 552 2560; x_wconf 85' lang='lat' dir='ltr'><strong>etc.</strong></span> 
     </span>
    </p>
   </div>
   <div class='ocr_carea' id='block_1_4' title="bbox 92 2588 1185 3987">
    <p class='ocr_par' dir='ltr' id='par_1_13' title="bbox 94 2588 1169 2796">
     <span class='ocr_line' id='line_1_31' title="bbox 128 2588 1168 2654; baseline -0.008 -10"><span class='ocrx_word' id='word_1_295' title='bbox 128 2596 155 2644; x_wconf 84' lang='grc'><strong>3.</strong></span> <span class='ocrx_word' id='word_1_296' title='bbox 172 2591 322 2642; x_wconf 79' lang='lat' dir='ltr'><strong>Fornicatio</strong></span> <span class='ocrx_word' id='word_1_297' title='bbox 333 2600 416 2642; x_wconf 84' lang='lat' dir='ltr'><strong>aetem</strong></span> <span class='ocrx_word' id='word_1_298' title='bbox 418 2628 477 2645; x_wconf 90' lang='grc'><strong>......</strong></span> <span class='ocrx_word' id='word_1_299' title='bbox 494 2594 559 2643; x_wconf 89' lang='lat' dir='ltr'><strong>redit</strong></span> <span class='ocrx_word' id='word_1_300' title='bbox 569 2593 601 2643; x_wconf 87' lang='lat' dir='ltr'><strong>ad</strong></span> <span class='ocrx_word' id='word_1_301' title='bbox 612 2595 733 2643; x_wconf 82' lang='lat' dir='ltr'><strong>vittarum</strong></span> <span class='ocrx_word' id='word_1_302' title='bbox 744 2590 941 2654; x_wconf 88' lang='lat' dir='ltr'><strong>prohibitionem</strong></span> <span class='ocrx_word' id='word_1_303' title='bbox 951 2628 959 2651; x_wconf 89' lang='lat'><em>,</em></span> <span class='ocrx_word' id='word_1_304' title='bbox 968 2593 993 2640; x_wconf 89' lang='lat' dir='ltr'><strong>et</strong></span> <span class='ocrx_word' id='word_1_305' title='bbox 1002 2590 1045 2640; x_wconf 93' lang='lat' dir='ltr'><strong>ubi</strong></span> <span class='ocrx_word' id='word_1_306' title='bbox 1062 2589 1125 2639; x_wconf 86' lang='lat' dir='ltr'><strong>dixit</strong></span> <span class='ocrx_word' id='word_1_307' title='bbox 1137 2588 1168 2636; x_wconf 81' lang='lat' dir='ltr'><strong>ds</strong></span> 
     </span>
     <span class='ocr_line' id='line_1_32' title="bbox 94 2658 1169 2728; baseline -0.005 -16"><span class='ocrx_word' id='word_1_308' title='bbox 94 2664 219 2726; x_wconf 76' lang='lat' dir='ltr'><strong>passione</strong></span> <span class='ocrx_word' id='word_1_309' title='bbox 232 2663 294 2722; x_wconf 76' lang='lat' dir='ltr'><strong>tra,</strong></span> <span class='ocrx_word' id='word_1_310' title='bbox 306 2675 375 2712; x_wconf 91' lang='lat' dir='ltr'><strong>nunc</strong></span> <span class='ocrx_word' id='word_1_311' title='bbox 394 2663 425 2713; x_wconf 90' lang='lat' dir='ltr'><strong>de</strong></span> <span class='ocrx_word' id='word_1_312' title='bbox 439 2665 662 2728; x_wconf 88' lang='lat' dir='ltr'><strong>concupiscentia,</strong></span> <span class='ocrx_word' id='word_1_313' title='bbox 675 2676 719 2713; x_wconf 91' lang='lat' dir='ltr'><strong>seu</strong></span> <span class='ocrx_word' id='word_1_314' title='bbox 728 2663 760 2712; x_wconf 92' lang='lat' dir='ltr'><strong>de</strong></span> <span class='ocrx_word' id='word_1_315' title='bbox 770 2664 882 2725; x_wconf 87' lang='lat' dir='ltr'><strong>appetitu</strong></span> <span class='ocrx_word' id='word_1_316' title='bbox 903 2661 1046 2711; x_wconf 89' lang='lat' dir='ltr'><strong>inordinate</strong></span> <span class='ocrx_word' id='word_1_317' title='bbox 1057 2658 1169 2722; x_wconf 77' lang='lat' dir='ltr'><strong>volupta-</strong></span> 
     </span>
     <span class='ocr_line' id='line_1_33' title="bbox 94 2734 501 2796; baseline -0.002 -12"><span class='ocrx_word' id='word_1_318' title='bbox 94 2741 156 2784; x_wconf 86' lang='lat' dir='ltr'><strong>tam</strong></span> <span class='ocrx_word' id='word_1_319' title='bbox 168 2736 199 2784; x_wconf 85' lang='lat' dir='ltr'><strong>at</strong></span> <span class='ocrx_word' id='word_1_320' title='bbox 216 2734 386 2796; x_wconf 86' lang='lat' dir='ltr'><strong>pecuniarum</strong></span> <span class='ocrx_word' id='word_1_321' title='bbox 396 2737 455 2796; x_wconf 83' lang='lat' dir='ltr'><strong>agit.</strong></span> <span class='ocrx_word' id='word_1_322' title='bbox 495 2735 501 2746; x_wconf 78' lang='grc'>’</span> 
     </span>
    </p>

    <p class='ocr_par' dir='ltr' id='par_1_14' title="bbox 96 2799 1185 2924">
     <span class='ocr_line' id='line_1_34' title="bbox 126 2799 1185 2869; baseline -0.007 -15"><span class='ocrx_word' id='word_1_323' title='bbox 126 2803 190 2854; x_wconf 81' lang='lat' dir='ltr'><strong>iiaee</strong></span> <span class='ocrx_word' id='word_1_324' title='bbox 203 2804 294 2852; x_wconf 87' lang='lat' dir='ltr'><strong>autem</strong></span> <span class='ocrx_word' id='word_1_325' title='bbox 308 2802 359 2852; x_wconf 91' lang='lat' dir='ltr'><strong>duo</strong></span> <span class='ocrx_word' id='word_1_326' title='bbox 370 2805 432 2853; x_wconf 85' lang='lat' dir='ltr'><strong>vitia</strong></span> <span class='ocrx_word' id='word_1_327' title='bbox 444 2803 536 2868; x_wconf 80' lang='lat' dir='ltr'><strong>Ephesi</strong></span> <span class='ocrx_word' id='word_1_328' title='bbox 551 2803 660 2855; x_wconf 81' lang='lat' dir='ltr'><strong>maxime</strong></span> <span class='ocrx_word' id='word_1_329' title='bbox 674 2799 826 2866; x_wconf 76' lang='lat' dir='ltr'><strong>regnabant,</strong></span> <span class='ocrx_word' id='word_1_330' title='bbox 840 2802 897 2852; x_wconf 88' lang='lat' dir='ltr'><strong>ideo</strong></span> <span class='ocrx_word' id='word_1_331' title='bbox 913 2800 945 2851; x_wconf 88' lang='lat' dir='ltr'><strong>de</strong></span> <span class='ocrx_word' id='word_1_332' title='bbox 960 2803 1022 2864; x_wconf 90' lang='lat' dir='ltr'><strong>ipsis</strong></span> <span class='ocrx_word' id='word_1_333' title='bbox 1036 2802 1088 2862; x_wconf 83' lang='lat' dir='ltr'><strong>agit</strong></span> <span class='ocrx_word' id='word_1_334' title='bbox 1099 2801 1185 2869; x_wconf 63' lang='lat' dir='ltr'><strong>vira-⁴</strong></span> 
     </span>
     <span class='ocr_line' id='line_1_35' title="bbox 96 2873 212 2924; baseline -0.009 0"><span class='ocrx_word' id='word_1_335' title='bbox 96 2873 212 2924; x_wconf 73' lang='lat' dir='ltr'><strong>tissime.</strong></span> 
     </span>
    </p>

    <p class='ocr_par' dir='ltr' id='par_1_15' title="bbox 97 2945 1169 3075">
     <span class='ocr_line' id='line_1_36' title="bbox 129 2945 1169 3011; baseline -0.008 -14"><span class='ocrx_word' id='word_1_336' title='bbox 129 2947 291 3004; x_wconf 80' lang='lat' dir='ltr'><strong>Fornicatio,</strong></span> <span class='ocrx_word' id='word_1_337' title='bbox 304 2945 412 3008; x_wconf 83' lang='lat' dir='ltr'><strong>subque</strong></span> <span class='ocrx_word' id='word_1_338' title='bbox 426 2951 530 2998; x_wconf 88' lang='lat' dir='ltr'><strong>nominc</strong></span> <span class='ocrx_word' id='word_1_339' title='bbox 545 2948 767 3011; x_wconf 80' lang='lat' dir='ltr'><strong>comprehenditur</strong></span> <span class='ocrx_word' id='word_1_340' title='bbox 780 2949 864 2997; x_wconf 90' lang='lat' dir='ltr'><strong>omnis</strong></span> <span class='ocrx_word' id='word_1_341' title='bbox 879 2945 967 2996; x_wconf 88' lang='lat' dir='ltr'><strong>illicite</strong></span> <span class='ocrx_word' id='word_1_342' title='bbox 976 2956 1082 2994; x_wconf 83' lang='lat' dir='ltr'><strong>sexuum</strong></span> <span class='ocrx_word' id='word_1_343' title='bbox 1098 2954 1169 2990; x_wconf 85' lang='lat' dir='ltr'><strong>com·</strong></span> 
     </span>
     <span class='ocr_line' id='line_1_37' title="bbox 97 3017 734 3075; baseline 0 -10"><span class='ocrx_word' id='word_1_344' title='bbox 97 3018 209 3075; x_wconf 80' lang='lat' dir='ltr'><strong>mixtio,</strong></span> <span class='ocrx_word' id='word_1_345' title='bbox 222 3028 269 3065; x_wconf 86' lang='lat' dir='ltr'><strong>seu</strong></span> <span class='ocrx_word' id='word_1_346' title='bbox 282 3017 366 3063; x_wconf 88' lang='lat' dir='ltr'><strong>omnis</strong></span> <span class='ocrx_word' id='word_1_347' title='bbox 377 3017 525 3066; x_wconf 87' lang='lat' dir='ltr'><strong>concubitus</strong></span> <span class='ocrx_word' id='word_1_348' title='bbox 536 3031 594 3067; x_wconf 89' lang='lat' dir='ltr'><strong>curn</strong></span> <span class='ocrx_word' id='word_1_349' title='bbox 609 3027 661 3066; x_wconf 93' lang='lat' dir='ltr'><strong>non</strong></span> <span class='ocrx_word' id='word_1_350' title='bbox 678 3030 734 3066; x_wconf 88' lang='lat' dir='ltr'><strong>sua.</strong></span> 
     </span>
    </p>

    <p class='ocr_par' dir='ltr' id='par_1_16' title="bbox 99 3084 1181 3221">
     <span class='ocr_line' id='line_1_38' title="bbox 130 3084 1181 3151; baseline -0.009 -11"><span class='ocrx_word' id='word_1_351' title='bbox 130 3092 164 3140; x_wconf 81' lang='lat' dir='ltr'><strong>iit</strong></span> <span class='ocrx_word' id='word_1_352' title='bbox 177 3089 263 3140; x_wconf 78' lang='lat' dir='ltr'><strong>omnis</strong></span> <span class='ocrx_word' id='word_1_353' title='bbox 280 3090 457 3149; x_wconf 82' lang='lat' dir='ltr'><strong>immunditia,</strong></span> <span class='ocrx_word' id='word_1_354' title='bbox 470 3091 495 3139; x_wconf 91' lang='lat' dir='ltr'><strong>id</strong></span> <span class='ocrx_word' id='word_1_355' title='bbox 509 3095 562 3151; x_wconf 83' lang='lat' dir='ltr'><strong>est,</strong></span> <span class='ocrx_word' id='word_1_356' title='bbox 575 3103 661 3140; x_wconf 85' lang='lat' dir='ltr'><strong>omnes</strong></span> <span class='ocrx_word' id='word_1_357' title='bbox 674 3095 758 3139; x_wconf 86' lang='lat' dir='ltr'><strong>iactus</strong></span> <span class='ocrx_word' id='word_1_358' title='bbox 767 3091 868 3138; x_wconf 79' lang='lat' dir='ltr'><strong>venerei</strong></span> <span class='ocrx_word' id='word_1_359' title='bbox 879 3125 886 3148; x_wconf 85' lang='lat'><em>,</em></span> <span class='ocrx_word' id='word_1_360' title='bbox 897 3087 1002 3150; x_wconf 86' lang='lat' dir='ltr'><strong>pollutio</strong></span> <span class='ocrx_word' id='word_1_361' title='bbox 1015 3089 1041 3134; x_wconf 88' lang='lat' dir='ltr'><strong>et</strong></span> <span class='ocrx_word' id='word_1_362' title='bbox 1052 3084 1101 3133; x_wconf 90' lang='lat' dir='ltr'><strong>alia</strong></span> <span class='ocrx_word' id='word_1_363' title='bbox 1110 3096 1181 3142; x_wconf 71' lang='lat' dir='ltr'><strong>con·¹</strong></span> 
     </span>
     <span class='ocr_line' id='line_1_39' title="bbox 99 3155 1177 3221; baseline -0.007 -12"><span class='ocrx_word' id='word_1_364' title='bbox 99 3165 140 3209; x_wconf 80' lang='lat' dir='ltr'><strong>tra</strong></span> <span class='ocrx_word' id='word_1_365' title='bbox 158 3163 300 3217; x_wconf 89' lang='lat' dir='ltr'><strong>naturam,</strong></span> <span class='ocrx_word' id='word_1_366' title='bbox 313 3171 356 3206; x_wconf 88' lang='lat' dir='ltr'><strong>seu</strong></span> <span class='ocrx_word' id='word_1_367' title='bbox 368 3171 424 3219; x_wconf 82' lang='lat' dir='ltr'><strong>aure</strong></span> <span class='ocrx_word' id='word_1_368' title='bbox 439 3173 490 3208; x_wconf 92' lang='lat' dir='ltr'><strong>non</strong></span> <span class='ocrx_word' id='word_1_369' title='bbox 506 3160 657 3210; x_wconf 87' lang='lat' dir='ltr'><strong>ordinantur</strong></span> <span class='ocrx_word' id='word_1_370' title='bbox 672 3160 704 3210; x_wconf 90' lang='lat' dir='ltr'><strong>ad</strong></span> <span class='ocrx_word' id='word_1_371' title='bbox 715 3158 965 3221; x_wconf 79' lang='lat' dir='ltr'><strong>generationem,oit</strong></span> <span class='ocrx_word' id='word_1_372' title='bbox 980 3155 1139 3203; x_wconf 73' lang='lat' dir='ltr'><strong>himmas.</strong></span> <span class='ocrx_word' id='word_1_373' title='bbox 1170 3176 1177 3189; x_wconf 65' lang='grc' dir='ltr'><em>ι</em></span> 
     </span>
    </p>

    <p class='ocr_par' dir='ltr' id='par_1_17' title="bbox 100 3227 1168 3366">
     <span class='ocr_line' id='line_1_40' title="bbox 131 3227 1168 3295; baseline -0.008 -12"><span class='ocrx_word' id='word_1_374' title='bbox 131 3235 184 3283; x_wconf 80' lang='lat' dir='ltr'><strong>Aut</strong></span> <span class='ocrx_word' id='word_1_375' title='bbox 201 3232 336 3289; x_wconf 83' lang='lat' dir='ltr'><strong>avaritia,</strong></span> <span class='ocrx_word' id='word_1_376' title='bbox 348 3232 403 3282; x_wconf 84' lang='lat' dir='ltr'><strong>ideo</strong></span> <span class='ocrx_word' id='word_1_377' title='bbox 413 3235 495 3295; x_wconf 79' lang='lat' dir='ltr'><strong>jungit</strong></span> <span class='ocrx_word' id='word_1_378' title='bbox 508 3238 641 3284; x_wconf 81' lang='lat' dir='ltr'><strong>avaritiam</strong></span> <span class='ocrx_word' id='word_1_379' title='bbox 652 3235 758 3284; x_wconf 77' lang='lat' dir='ltr'><strong>luxuriae</strong></span> <span class='ocrx_word' id='word_1_380' title='bbox 768 3270 775 3295; x_wconf 87' lang='lat'><em>,</em></span> <span class='ocrx_word' id='word_1_381' title='bbox 784 3234 853 3293; x_wconf 87' lang='lat' dir='ltr'><strong>quia,</strong></span> <span class='ocrx_word' id='word_1_382' title='bbox 866 3236 894 3279; x_wconf 91' lang='lat' dir='ltr'><strong>ut</strong></span> <span class='ocrx_word' id='word_1_383' title='bbox 907 3232 944 3279; x_wconf 90' lang='lat' dir='ltr'><strong>ait</strong></span> <span class='ocrx_word' id='word_1_384' title='bbox 954 3227 1168 3290; x_wconf 84' lang='lat' dir='ltr'><strong>TheophyIactus,</strong></span> 
     </span>
     <span class='ocr_line' id='line_1_41' title="bbox 100 3302 881 3366; baseline -0.003 -13"><span class='ocrx_word' id='word_1_385' title='bbox 100 3305 159 3366; x_wconf 81' lang='lat' dir='ltr'><strong>pari</strong></span> <span class='ocrx_word' id='word_1_386' title='bbox 175 3302 278 3352; x_wconf 91' lang='lat' dir='ltr'><strong>ratione</strong></span> <span class='ocrx_word' id='word_1_387' title='bbox 287 3303 407 3362; x_wconf 88' lang='lat' dir='ltr'><strong>pecunias</strong></span> <span class='ocrx_word' id='word_1_388' title='bbox 422 3314 538 3352; x_wconf 88' lang='lat' dir='ltr'><strong>amamus</strong></span> <span class='ocrx_word' id='word_1_389' title='bbox 551 3307 576 3352; x_wconf 88' lang='lat' dir='ltr'><strong>et</strong></span> <span class='ocrx_word' id='word_1_390' title='bbox 588 3315 701 3365; x_wconf 89' lang='lat' dir='ltr'><strong>corpora.</strong></span> <span class='ocrx_word' id='word_1_391' title='bbox 878 3313 881 3318; x_wconf 85' lang='lat'>·</span> 
     </span>
    </p>

    <p class='ocr_par' dir='ltr' id='par_1_18' title="bbox 92 3365 1171 3642">
     <span class='ocr_line' id='line_1_42' title="bbox 132 3365 1170 3433; baseline -0.005 -15"><span class='ocrx_word' id='word_1_392' title='bbox 132 3371 192 3432; x_wconf 81' lang='lat' dir='ltr'><strong>Vel,</strong></span> <span class='ocrx_word' id='word_1_393' title='bbox 207 3374 236 3420; x_wconf 93' lang='lat' dir='ltr'><strong>ut</strong></span> <span class='ocrx_word' id='word_1_394' title='bbox 250 3371 287 3418; x_wconf 90' lang='lat' dir='ltr'><strong>ait</strong></span> <span class='ocrx_word' id='word_1_395' title='bbox 305 3368 436 3419; x_wconf 83' lang='lat' dir='ltr'><strong>Anselrnus</strong></span> <span class='ocrx_word' id='word_1_396' title='bbox 445 3408 452 3430; x_wconf 91' lang='lat'><em>,</em></span> <span class='ocrx_word' id='word_1_397' title='bbox 462 3375 520 3433; x_wconf 85' lang='lat' dir='ltr'><strong>quia</strong></span> <span class='ocrx_word' id='word_1_398' title='bbox 535 3373 640 3421; x_wconf 81' lang='lat' dir='ltr'><strong>avaritia</strong></span> <span class='ocrx_word' id='word_1_399' title='bbox 656 3374 694 3420; x_wconf 87' lang='lat' dir='ltr'><strong>est</strong></span> <span class='ocrx_word' id='word_1_400' title='bbox 708 3367 823 3432; x_wconf 75' lang='lat' dir='ltr'><strong>quedam</strong></span> <span class='ocrx_word' id='word_1_401' title='bbox 837 3367 968 3416; x_wconf 86' lang='lat' dir='ltr'><strong>fornicatio</strong></span> <span class='ocrx_word' id='word_1_402' title='bbox 978 3367 1070 3414; x_wconf 77' lang='lat' dir='ltr'><strong>animm</strong></span> <span class='ocrx_word' id='word_1_403' title='bbox 1085 3365 1170 3414; x_wconf 67' lang='lat' dir='ltr'><strong>ostent</strong></span> 
     </span>
     <span class='ocr_line' id='line_1_43' title="bbox 92 3436 1171 3502; baseline -0.008 -12"><span class='ocrx_word' id='word_1_404' title='bbox 92 3443 174 3490; x_wconf 67' lang='lat' dir='ltr'><strong>‘enim</strong></span> <span class='ocrx_word' id='word_1_405' title='bbox 187 3441 234 3502; x_wconf 86' lang='lat' dir='ltr'><strong>qui</strong></span> <span class='ocrx_word' id='word_1_406' title='bbox 253 3437 407 3497; x_wconf 85' lang='lat' dir='ltr'><strong>fornicatur,</strong></span> <span class='ocrx_word' id='word_1_407' title='bbox 418 3452 469 3489; x_wconf 94' lang='lat' dir='ltr'><strong>non</strong></span> <span class='ocrx_word' id='word_1_408' title='bbox 484 3443 545 3501; x_wconf 83' lang='lat' dir='ltr'><strong>sui,</strong></span> <span class='ocrx_word' id='word_1_409' title='bbox 557 3442 600 3489; x_wconf 87' lang='lat' dir='ltr'><strong>sed</strong></span> <span class='ocrx_word' id='word_1_410' title='bbox 615 3440 698 3489; x_wconf 81' lang='lat' dir='ltr'><strong>alicni</strong></span> <span class='ocrx_word' id='word_1_411' title='bbox 718 3436 824 3487; x_wconf 89' lang='lat' dir='ltr'><strong>muliere</strong></span> <span class='ocrx_word' id='word_1_412' title='bbox 846 3436 976 3495; x_wconf 86' lang='lat' dir='ltr'><strong>abutitur;</strong></span> <span class='ocrx_word' id='word_1_413' title='bbox 990 3437 1027 3492; x_wconf 78' lang='lat' dir='ltr'><strong>sio</strong></span> <span class='ocrx_word' id='word_1_414' title='bbox 1039 3436 1083 3495; x_wconf 84' lang='lat' dir='ltr'><strong>qui</strong></span> <span class='ocrx_word' id='word_1_415' title='bbox 1102 3441 1171 3497; x_wconf 88' lang='lat' dir='ltr'><strong>peste</strong></span> 
     </span>
     <span class='ocr_line' id='line_1_44' title="bbox 102 3502 1170 3570; baseline -0.007 -12"><span class='ocrx_word' id='word_1_416' title='bbox 102 3511 219 3558; x_wconf 78' lang='lat' dir='ltr'><strong>avaritiae</strong></span> <span class='ocrx_word' id='word_1_417' title='bbox 236 3509 425 3556; x_wconf 83' lang='lat' dir='ltr'><strong>contaminatur</strong></span> <span class='ocrx_word' id='word_1_418' title='bbox 437 3544 444 3567; x_wconf 85' lang='lat'>,</span> <span class='ocrx_word' id='word_1_419' title='bbox 458 3522 535 3570; x_wconf 88' lang='lat' dir='ltr'><strong>usque</strong></span> <span class='ocrx_word' id='word_1_420' title='bbox 553 3510 585 3558; x_wconf 89' lang='lat' dir='ltr'><strong>ad</strong></span> <span class='ocrx_word' id='word_1_421' title='bbox 601 3509 683 3558; x_wconf 88' lang='lat' dir='ltr'><strong>alicua</strong></span> <span class='ocrx_word' id='word_1_422' title='bbox 701 3505 818 3556; x_wconf 86' lang='lat' dir='ltr'><strong>habenda</strong></span> <span class='ocrx_word' id='word_1_423' title='bbox 833 3504 994 3553; x_wconf 76' lang='lat' dir='ltr'><strong>extenditurs</strong></span> <span class='ocrx_word' id='word_1_424' title='bbox 1009 3502 1111 3564; x_wconf 86' lang='lat' dir='ltr'><strong>etquod</strong></span> <span class='ocrx_word' id='word_1_425' title='bbox 1124 3503 1170 3552; x_wconf 85' lang='lat' dir='ltr'><strong>sub</strong></span> 
     </span>
     <span class='ocr_line' id='line_1_45' title="bbox 103 3576 776 3642; baseline -0.004 -14"><span class='ocrx_word' id='word_1_426' title='bbox 103 3580 196 3642; x_wconf 86' lang='lat' dir='ltr'><strong>rapina</strong></span> <span class='ocrx_word' id='word_1_427' title='bbox 210 3576 303 3634; x_wconf 84' lang='lat' dir='ltr'><strong>habet,</strong></span> <span class='ocrx_word' id='word_1_428' title='bbox 315 3577 433 3626; x_wconf 88' lang='lat' dir='ltr'><strong>omnibus</strong></span> <span class='ocrx_word' id='word_1_429' title='bbox 444 3579 525 3627; x_wconf 89' lang='lat' dir='ltr'><strong>modis</strong></span> <span class='ocrx_word' id='word_1_430' title='bbox 540 3582 648 3628; x_wconf 87' lang='lat' dir='ltr'><strong>retinere</strong></span> <span class='ocrx_word' id='word_1_431' title='bbox 664 3577 776 3626; x_wconf 89' lang='lat' dir='ltr'><strong>molitur.</strong></span> 
     </span>
    </p>

    <p class='ocr_par' dir='ltr' id='par_1_19' title="bbox 106 3638 1171 3842">
     <span class='ocr_line' id='line_1_46' title="bbox 134 3638 1170 3707; baseline -0.013 -10"><span class='ocrx_word' id='word_1_432' title='bbox 134 3647 268 3707; x_wconf 85' lang='lat' dir='ltr'><strong>lienique,</strong></span> <span class='ocrx_word' id='word_1_433' title='bbox 282 3643 313 3692; x_wconf 85' lang='lat' dir='ltr'><strong>da</strong></span> <span class='ocrx_word' id='word_1_434' title='bbox 323 3643 371 3695; x_wconf 93' lang='lat' dir='ltr'><strong>hoc</strong></span> <span class='ocrx_word' id='word_1_435' title='bbox 380 3649 491 3697; x_wconf 69' lang='lat' dir='ltr'><strong>avaritiae</strong></span> <span class='ocrx_word' id='word_1_436' title='bbox 504 3650 565 3697; x_wconf 85' lang='lat' dir='ltr'><strong>vitio</strong></span> <span class='ocrx_word' id='word_1_437' title='bbox 579 3649 621 3696; x_wconf 90' lang='lat' dir='ltr'><strong>hic</strong></span> <span class='ocrx_word' id='word_1_438' title='bbox 632 3649 697 3707; x_wconf 82' lang='lat' dir='ltr'><strong>agit,</strong></span> <span class='ocrx_word' id='word_1_439' title='bbox 711 3648 770 3706; x_wconf 84' lang='lat' dir='ltr'><strong>quia</strong></span> <span class='ocrx_word' id='word_1_440' title='bbox 782 3642 874 3704; x_wconf 84' lang='lat' dir='ltr'><strong>Ephesi</strong></span> <span class='ocrx_word' id='word_1_441' title='bbox 886 3640 995 3691; x_wconf 74' lang='lat' dir='ltr'><strong>manime</strong></span> <span class='ocrx_word' id='word_1_442' title='bbox 1015 3638 1133 3700; x_wconf 82' lang='lat' dir='ltr'><strong>regnabat</strong></span> <span class='ocrx_word' id='word_1_443' title='bbox 1144 3639 1170 3684; x_wconf 92' lang='lat' dir='ltr'><strong>in</strong></span> 
     </span>
     <span class='ocr_line' id='line_1_47' title="bbox 106 3705 1171 3779; baseline -0.011 -14"><span class='ocrx_word' id='word_1_444' title='bbox 106 3718 210 3765; x_wconf 82' lang='lat' dir='ltr'><strong>civitate</strong></span> <span class='ocrx_word' id='word_1_445' title='bbox 223 3717 391 3775; x_wconf 88' lang='lat' dir='ltr'><strong>mercatoria,</strong></span> <span class='ocrx_word' id='word_1_446' title='bbox 404 3715 446 3764; x_wconf 91' lang='lat' dir='ltr'><strong>ubi</strong></span> <span class='ocrx_word' id='word_1_447' title='bbox 457 3729 501 3779; x_wconf 89' lang='lat' dir='ltr'><strong>per</strong></span> <span class='ocrx_word' id='word_1_448' title='bbox 518 3717 555 3767; x_wconf 87' lang='lat' dir='ltr'><strong>ias</strong></span> <span class='ocrx_word' id='word_1_449' title='bbox 568 3722 593 3767; x_wconf 91' lang='lat' dir='ltr'><strong>et</strong></span> <span class='ocrx_word' id='word_1_450' title='bbox 605 3717 675 3766; x_wconf 86' lang='lat' dir='ltr'><strong>naias</strong></span> <span class='ocrx_word' id='word_1_451' title='bbox 695 3713 891 3776; x_wconf 84' lang='lat' dir='ltr'><strong>acquirebantur</strong></span> <span class='ocrx_word' id='word_1_452' title='bbox 901 3711 996 3760; x_wconf 82' lang='lat' dir='ltr'><strong>divitica</strong></span> <span class='ocrx_word' id='word_1_453' title='bbox 1006 3745 1013 3768; x_wconf 87' lang='lat'><em>,</em></span> <span class='ocrx_word' id='word_1_454' title='bbox 1025 3720 1072 3756; x_wconf 88' lang='lat' dir='ltr'><strong>nea</strong></span> <span class='ocrx_word' id='word_1_455' title='bbox 1085 3705 1171 3768; x_wconf 89' lang='lat' dir='ltr'><strong>prohi-</strong></span> 
     </span>
     <span class='ocr_line' id='line_1_48' title="bbox 107 3781 361 3842; baseline -0.004 -9"><span class='ocrx_word' id='word_1_456' title='bbox 107 3784 216 3833; x_wconf 84' lang='lat' dir='ltr'><strong>bebatur</strong></span> <span class='ocrx_word' id='word_1_457' title='bbox 227 3784 244 3833; x_wconf 66' lang='grc' dir='ltr'><strong>ὰ</strong></span> <span class='ocrx_word' id='word_1_458' title='bbox 254 3781 361 3842; x_wconf 84' lang='lat' dir='ltr'><strong>legibus.</strong></span> 
     </span>
    </p>

    <p class='ocr_par' dir='ltr' id='par_1_20' title="bbox 138 3853 1035 3921">
     <span class='ocr_line' id='line_1_49' title="bbox 138 3853 1035 3921; baseline -0.013 -14"><span class='ocrx_word' id='word_1_459' title='bbox 138 3858 188 3907; x_wconf 84' lang='lat' dir='ltr'><strong>Nec</strong></span> <span class='ocrx_word' id='word_1_460' title='bbox 199 3858 376 3906; x_wconf 81' lang='lat' dir='ltr'><strong>nominetur...</strong></span> <span class='ocrx_word' id='word_1_461' title='bbox 390 3862 419 3906; x_wconf 89' lang='lat' dir='ltr'><strong>ut</strong></span> <span class='ocrx_word' id='word_1_462' title='bbox 436 3861 482 3906; x_wconf 89' lang='lat' dir='ltr'><strong>toti</strong></span> <span class='ocrx_word' id='word_1_463' title='bbox 494 3861 549 3908; x_wconf 87' lang='lat' dir='ltr'><strong>sitis</strong></span> <span class='ocrx_word' id='word_1_464' title='bbox 563 3859 619 3921; x_wconf 88' lang='lat' dir='ltr'><strong>puri</strong></span> <span class='ocrx_word' id='word_1_465' title='bbox 635 3857 726 3916; x_wconf 85' lang='lat' dir='ltr'><strong>corde,</strong></span> <span class='ocrx_word' id='word_1_466' title='bbox 739 3865 856 3916; x_wconf 84' lang='lat' dir='ltr'><strong>corpore,</strong></span> <span class='ocrx_word' id='word_1_467' title='bbox 870 3860 913 3901; x_wconf 91' lang='lat' dir='ltr'><strong>ore</strong></span> <span class='ocrx_word' id='word_1_468' title='bbox 924 3888 931 3911; x_wconf 87' lang='lat'><em>,</em></span> <span class='ocrx_word' id='word_1_469' title='bbox 942 3853 1035 3899; x_wconf 89' lang='lat' dir='ltr'><strong>menta.</strong></span> 
     </span>
    </p>

    <p class='ocr_par' dir='ltr' id='par_1_21' title="bbox 139 3914 1170 3987">
     <span class='ocr_line' id='line_1_50' title="bbox 139 3914 1170 3987; baseline -0.016 -12"><span class='ocrx_word' id='word_1_470' title='bbox 139 3925 178 3975; x_wconf 77' lang='lat' dir='ltr'><strong>hb</strong></span> <span class='ocrx_word' id='word_1_471' title='bbox 195 3925 267 3974; x_wconf 90' lang='lat' dir='ltr'><strong>omni</strong></span> <span class='ocrx_word' id='word_1_472' title='bbox 277 3930 380 3987; x_wconf 88' lang='lat' dir='ltr'><strong>peccato</strong></span> <span class='ocrx_word' id='word_1_473' title='bbox 392 3928 416 3973; x_wconf 91' lang='lat' dir='ltr'><strong>et</strong></span> <span class='ocrx_word' id='word_1_474' title='bbox 429 3928 523 3986; x_wconf 87' lang='lat' dir='ltr'><strong>pcccati</strong></span> <span class='ocrx_word' id='word_1_475' title='bbox 536 3927 592 3977; x_wconf 86' lang='lat' dir='ltr'><strong>labe</strong></span> <span class='ocrx_word' id='word_1_476' title='bbox 602 3925 713 3976; x_wconf 90' lang='lat' dir='ltr'><strong>mundus</strong></span> <span class='ocrx_word' id='word_1_477' title='bbox 722 3935 775 3972; x_wconf 87' lang='lat' dir='ltr'><strong>esse</strong></span> <span class='ocrx_word' id='word_1_478' title='bbox 784 3922 858 3969; x_wconf 88' lang='lat' dir='ltr'><strong>debet</strong></span> <span class='ocrx_word' id='word_1_479' title='bbox 867 3920 979 3980; x_wconf 83' lang='lat' dir='ltr'><strong>quisquis</strong></span> <span class='ocrx_word' id='word_1_480' title='bbox 991 3914 1082 3963; x_wconf 87' lang='lat' dir='ltr'><strong>Christi</strong></span> <span class='ocrx_word' id='word_1_481' title='bbox 1092 3923 1170 3959; x_wconf 81' lang='lat' dir='ltr'><strong>mem·</strong></span> 
     </span>
    </p>
   </div>
   <div class='ocr_carea' id='block_1_5' title="bbox 112 3981 1170 4057">
    <p class='ocr_par' dir='ltr' id='par_1_22' title="bbox 112 3981 1170 4057">
     <span class='ocr_line' id='line_1_51' title="bbox 112 3981 1170 4057; baseline -0.032 3"><span class='ocrx_word' id='word_1_482' title='bbox 112 3991 189 4045; x_wconf 62' lang='lat' dir='ltr'><strong>bium</strong></span> <span class='ocrx_word' id='word_1_483' title='bbox 205 3997 261 4055; x_wconf 65' lang='lat' dir='ltr'><strong>iiii</strong></span> <span class='ocrx_word' id='word_1_484' title='bbox 273 4003 365 4057; x_wconf 62' lang='lat' dir='ltr'><strong>impos</strong></span> <span class='ocrx_word' id='word_1_485' title='bbox 376 3993 501 4045; x_wconf 81' lang='lat' dir='ltr'><strong>mundum</strong></span> <span class='ocrx_word' id='word_1_486' title='bbox 517 3995 590 4047; x_wconf 78' lang='lat' dir='ltr'><strong>strab</strong></span> <span class='ocrx_word' id='word_1_487' title='bbox 606 3995 676 4045; x_wconf 85' lang='lat' dir='ltr'><strong>omui</strong></span> <span class='ocrx_word' id='word_1_488' title='bbox 687 3990 862 4056; x_wconf 73' lang='lat' dir='ltr'><strong>impudicicia,</strong></span> <span class='ocrx_word' id='word_1_489' title='bbox 876 3999 919 4036; x_wconf 91' lang='lat' dir='ltr'><strong>cor</strong></span> <span class='ocrx_word' id='word_1_490' title='bbox 931 3985 963 4034; x_wconf 84' lang='lat' dir='ltr'><strong>ab</strong></span> <span class='ocrx_word' id='word_1_491' title='bbox 974 3983 1044 4033; x_wconf 86' lang='lat' dir='ltr'><strong>omni</strong></span> <span class='ocrx_word' id='word_1_492' title='bbox 1056 3981 1170 4039; x_wconf 83' lang='lat' dir='ltr'><strong>avaritia,</strong></span> 
     </span>
    </p>
   </div>
   <div class='ocr_carea' id='block_1_6' title="bbox 0 0 1264 4424">
    <p class='ocr_par' dir='ltr' id='par_1_23' title="bbox 0 0 1264 4424">
     <span class='ocr_line' id='line_1_52' title="bbox 0 0 1264 4424; baseline 0 0"><span class='ocrx_word' id='word_1_493' title='bbox 0 0 1264 4424; x_wconf 95' lang='lat' dir='ltr'><strong> </strong></span> 
     </span>
    </p>
   </div>
  </div>
 </body>
</html>
