2512 4424
154 242 207 293 iil
318 239 500 294 scholium
519 237 721 292 briscona:
741 238 789 291 lb
807 239 1048 294 CORINTHIOS

186 331 218 383 Et
230 332 294 382 mibi
310 333 437 395 respondit
455 332 577 383 interillos
595 346 641 382 uec
653 336 690 381 est
706 345 752 380 ne·
810 339 837 388 9.
862 339 896 388 Et
919 336 988 388 dixit
1008 334 1095 400 mibi,
1118 332 1219 388 sufficit

156 411 238 459 cesse,
254 412 300 450 neo
313 402 411 463 expedit
419 402 465 450 tibi
480 404 509 449 ut
524 400 650 469 discedats
661 400 750 448 suffieit
776 413 825 465 fibi
836 412 923 480 grafia
947 427 1028 476 mem
1041 426 1110 465 nam
1131 411 1218 465 vim„

155 470 202 518 tibi
223 471 309 550 gratiae
331 482 394 552 meae
411 470 543 552 auxilium.
562 471 631 552 Nam·
640 471 750 532 potentia
776 492 806 544 in
826 492 986 545 infirmitate
1003 491 1158 558 perficitur·

154 549 213 654 {ncta
223 550 251 586 rn
261 537 373 587 humana
383 539 530 588 rutirmitate
542 538 662 588 illustrior
675 551 751 600 appa-

184 673 249 723 llino
266 679 322 736 post
342 675 391 724 tale
404 687 552 737 responsum
570 678 598 725 in
615 674 686 724 nulia
701 674 750 723 alia
774 684 902 737 Libenter
921 685 1005 752 igilur
1025 682 1167 750 gloriabor
1189 682 1217 735 ln

155 742 309 793 relibeutrcls
315 743 446 804 gloriabor,
454 744 563 805 qulmin
572 744 751 793 meislntlrmi-
775 762 979 816 infirmitatibus
994 761 1080 827 meis,
1093 765 1126 815 up
1135 759 1217 813 inha-

854 842 882 892 in
895 853 940 892 me
951 840 1040 892 virius
1052 837 1165 892 Christi.

153 810 260 870 tatibus,
275 816 304 890 ut
316 814 464 890 immoretur
475 815 500 860 et
513 811 657 874 perficiatur
668 814 696 860 in
709 823 750 860 me
773 843 841 893 bite,

153 877 234 927 virtus
246 876 349 928 Chrrstr.

183 1062 208 1108 9.
225 1061 259 1108 Et
272 1060 337 1109 dacii
346 1059 427 1118 mibi,
439 1059 535 1109 scillcet
547 1058 663 1108 interius.
675 1059 740 1108 liccc
755 1058 835 1107 obiter
844 1056 951 1108 alteram
962 1056 1146 1107 revelationem
1157 1054 1215 1106 uiro

153 1125 230 1176 Paulo
240 1126 333 1177 tactum
346 1129 362 1177 a
373 1128 491 1178 liomlno.

183 1201 286 1264 Sufficit
300 1202 375 1251 tibi...
393 1202 498 1251 Necesse
519 1212 573 1250 non
587 1204 642 1260 est,
656 1212 704 1250 nec
719 1199 820 1263 expedit
836 1199 883 1249 tibi
903 1201 933 1248 ut
943 1199 958 1249 i
969 1203 996 1249 te
1007 1196 1138 1258 timeum
1154 1199 1215 1260 qnia

153 1270 244 1320 sufficit
254 1271 300 1320 tibi
311 1272 396 1331 gratiae
407 1282 469 1318 meae
480 1268 618 1328 currilium,
627 1269 725 1318 aetrrale
735 1269 844 1328 scilicet,
856 1268 888 1317 ad
899 1270 922 1316 ei
932 1267 1116 1329 resistendum,
1126 1267 1181 1317 imo
1190 1271 1216 1316 ot
1227 1315 1234 1330 ,

152 1339 186 1390 ati
198 1339 350 1389 vincendam
361 1350 479 1397 omnem,
489 1339 566 1386 etiam
579 1350 640 1386 eum
651 1337 781 1400 profectu,
792 1339 968 1387 tentattonem.

182 1409 230 1459 Ter
245 1409 382 1457 bominum
401 1407 547 1469 deprecatus
564 1411 614 1466 est,
633 1410 658 1455 et
673 1420 725 1456 non
744 1409 903 1469 impetravit;
917 1419 970 1456 non
987 1406 1061 1467 quasi
1081 1404 1215 1469 despectus

152 1479 244 1537 tuerit,
254 1477 298 1526 secl
308 1479 367 1538 quia
380 1477 473 1525 inscius
485 1478 572 1525 contra
583 1487 610 1524 ae
620 1476 721 1537 petebat
729 1479 758 1524 ut
770 1478 897 1525 cessarent
909 1474 941 1524 ali
952 1486 982 1523 eo
992 1476 1147 1525 tentationes
1155 1511 1163 1536 ,
1170 1487 1215 1538 por

151 1559 214 1608 quas
224 1544 357 1607 perfectior
372 1544 447 1593 tiebat
458 1543 613 1592 Ambrosius.

180 1619 238 1668 linit
250 1630 308 1679 crgo
321 1617 436 1679 auditus,
452 1622 478 1666 et
490 1629 543 1666 ncn
553 1617 655 1667 auditus
662 1637 670 1678 t
684 1617 787 1666 auditus
797 1616 881 1678 quoad
891 1618 1040 1677 sanitatem
1048 1628 1102 1667 nou
1110 1614 1215 1666 suffitus

149 1688 232 1750 moad
242 1687 398 1737 toluulutem
406 1707 413 1746 ;
421 1686 461 1735 vei
470 1686 519 1735 tuit
529 1686 631 1735 auditus
640 1685 783 1735 secundum
792 1686 819 1735 id
828 1685 895 1746 quod
905 1685 1029 1748 implicite
1037 1685 1153 1745 volebam
1161 1697 1214 1736 non

150 1756 251 1807 auditus
264 1756 403 1806 secundum
416 1756 441 1805 id
454 1756 522 1818 quoi
533 1755 648 1817 explicite
664 1755 776 1812 volebam
789 1758 904 1805 nesciens
912 1757 959 1805 sibi
975 1769 1029 1806 non
1040 1755 1168 1819 expedire.

181 1827 217 1876 lta
232 1838 297 1888 saepe
310 1827 372 1886 iusti
389 1838 442 1874 uon
461 1824 620 1882 audiuntur,
633 1827 658 1873 et
671 1823 809 1873 audiuntur
820 1843 827 1873 r
837 1836 890 1873 non
907 1824 1048 1874 audiuntur
1062 1824 1097 1873 ad
1109 1830 1215 1887 sotum

148 1895 289 1946 audiuntur
301 1894 333 1942 ad
344 1894 495 1956 protectum.

179 1965 263 2014 Bonus
282 1963 417 2023 liominus,
433 1966 477 2024 qui
495 1975 561 2025 saepe
577 1974 629 2012 non
648 1962 739 2012 tribuit
755 1963 823 2025 quod
835 1962 967 2025 uolumus,
980 1965 1011 2012 ot
1030 1960 1129 2015 about
1145 1962 1213 2025 quoi

149 2033 282 2084 mallemus
296 2046 303 2080 t
315 2032 344 2082 b.
356 2033 524 2094 Hieronymus
535 2033 628 2080 citatus
640 2031 655 2079 a
666 2029 695 2078 D.
707 2031 814 2081 Thomu.

180 2102 222 2151 Sic
236 2113 300 2162 ager
313 2102 413 2159 uritur,
427 2105 526 2148 secatur
535 2135 542 2159 ,
550 2098 644 2147 clamet
653 2135 660 2156 ,
669 2111 716 2146 nec
727 2099 800 2147 audit
810 2098 924 2149 medicus
934 2099 967 2149 ad
978 2101 1033 2160 etus
1041 2096 1212 2162 voluntatem,

149 2171 193 2221 cel
206 2170 278 2218 audit
290 2168 322 2217 ad
335 2169 469 2216 sanitatem
485 2185 492 2215 ε
507 2167 581 2215 divus
589 2166 743 2228 Augustinus
756 2169 770 2216 a
784 2168 924 2218 Fromontlo
937 2171 1040 2219 citatus.

178 2247 245 2296 Nom
253 2248 336 2294 virtus
338 2278 385 2293 .....
398 2244 440 2293 Gr.
453 2245 565 2306 potentia
576 2256 648 2304 mea,
659 2240 754 2301 δύναμις
765 2245 1008 2307 complicatisque
1022 2244 1157 2296 homiuem
1169 2247 1213 2297 ln-

147 2317 250 2367 tlrmum
270 2315 420 2373 corroboro,
440 2315 468 2362 ic
485 2314 632 2376 infirmitate
648 2315 798 2376 perficitur,
812 2315 839 2363 id
852 2318 904 2376 esi,
916 2315 1017 2377 plenibs
1033 2321 1060 2364 ot
1075 2316 1213 2380 porrectius

148 2397 201 2434 seso
212 2385 305 2440 exerit,
315 2386 340 2430 ei
349 2381 469 2429 illustrior
482 2385 595 2442 apparet.

178 2451 232 2511 Quo
243 2453 323 2511 major
336 2455 373 2498 est
387 2450 498 2499 hominis
509 2449 657 2508 infirmitas,
668 2453 693 2498 et
707 2449 740 2498 acl
749 2448 846 2500 malum
859 2453 991 2513 pronitas,
1002 2455 1028 2501 et
1036 2454 1147 2503 tentatio
1161 2451 1212 2503 tor·

147 2522 213 2580 tior,
227 2519 257 2568 eb
267 2521 350 2578 majus
363 2519 386 2566 ei
400 2521 539 2580 suggeritur
553 2519 695 2578 auxilium,
710 2525 736 2568 et
746 2519 867 2568 illustrior
877 2520 989 2580 obtinget
998 2523 1116 2570 victoria.

176 2590 230 2639 lino
241 2589 285 2639 hio
296 2589 416 2638 notanda.
430 2589 558 2648 Primum,
576 2589 735 2650 quotl'cirtus
749 2588 792 2638 blo
806 2602 857 2639 uon
871 2593 1006 2652 opponitur
1017 2592 1094 2652 vitio,
1106 2591 1152 2641 secl
1168 2592 1210 2641 ln·

146 2659 259 2709 firmitati
269 2679 277 2721 ;
289 2664 375 2720 estque
385 2660 467 2708 atrius
478 2671 522 2707 seu
533 2660 646 2720 potentia
656 2658 750 2708 Christi
758 2658 801 2708 hic
811 2658 950 2721 loquentis;
960 2672 1014 2709 non
1023 2663 1107 2711 virtus
1120 2661 1210 2723 Pauli,

146 2731 192 2777 aut
203 2732 301 2787 nostra,
314 2726 424 2788 δυναμις,
440 2741 492 2776 non
509 2726 591 2788 ἀρετή.

175 2797 329 2858 Secundum,
337 2798 404 2859 qubtl
415 2797 469 2847 buc
480 2797 572 2846 Christi
586 2799 684 2857 virtus,
695 2809 739 2845 seu
749 2800 860 2859 potentia
871 2799 1003 2860 perficitur
1012 2800 1042 2849 ic
1049 2800 1207 2863 infimitate.

145 2864 246 2925 Primo,
263 2868 322 2928 qula
338 2866 418 2925 magis
437 2864 577 2913 illustratur
582 2885 590 2925 ;
607 2865 734 2924 secundo,
746 2867 877 2928 perficitur
891 2869 919 2915 ch
936 2868 1085 2929 infimitate
1096 2871 1209 2919 occasio-

145 2934 251 2995 naliter,
263 2939 288 2982 et
303 2937 375 2995 quasi
394 2946 439 2995 per
457 2936 652 2994 antiperlstasim
670 2936 804 2992 contrarii,
818 2937 855 2984 ait
869 2936 1026 2986 Fromontlus
1040 2955 1047 2986 ε
1060 2939 1121 2998 quia
1133 2937 1209 2988 homo

144 3009 256 3053 tentatus
267 3005 299 3051 acl
308 3002 405 3051 maium
415 3038 422 3060 ‚
431 3015 463 3050 ne
473 3004 622 3052 succumbat
631 3040 637 3062 ‚
645 3004 730 3052 acrius
741 3005 808 3052 vires
819 3007 913 3065 exerit,
924 3008 951 3054 in
963 3005 1044 3056 ocum
1057 3019 1084 3056 se
1095 3009 1207 3071 proiicit,

145 3077 169 3120 et
180 3084 272 3120 noram
285 3073 392 3132 gratiam
406 3072 540 3132 impetrat,
551 3073 601 3133 qua
614 3071 707 3120 Christi
720 3073 801 3121 virtus
814 3075 909 3137 inipso
928 3074 1059 3137 pertloitur
1074 3095 1081 3124 ι
1097 3077 1135 3126 ita
1147 3076 1206 3127 bho-

144 3141 261 3190 mondus.

174 3209 260 3269 ltaque
280 3209 307 3257 in
326 3209 464 3257 tentatione
477 3208 650 3258 infirmitatem
663 3213 734 3258 tuam
747 3222 867 3272 agnosce,
880 3211 990 3261 humilia
1005 3215 1121 3264 animam
1137 3219 1205 3265 tuam

144 3289 231 3326 eoram
243 3277 306 3336 lieo,
318 3278 350 3327 ad
368 3280 422 3338 ejus
434 3277 558 3327 auritium
575 3292 693 3339 recurre;
704 3284 767 3328 tunc
778 3282 899 3330 vinutem
916 3283 1044 3344 accipies,
1055 3283 1118 3333 cum
1134 3283 1203 3334 intir-

143 3349 257 3395 mitatem
270 3359 397 3408 agnosces.

174 3421 296 3470 Libenter.
306 3422 349 3471 Gr.
361 3422 533 3472 libentissime.
546 3422 691 3472 Ambrosius
707 3422 879 3474 libentissime.

173 3489 347 3540 libentissime
365 3494 441 3552 igitur
458 3493 600 3554 picticbor.
614 3493 656 3542 Gr.
669 3493 749 3554 magis
764 3494 907 3555 gloriabor,
921 3494 947 3543 iri
967 3498 1023 3554 est,
1037 3498 1099 3557 quia
1112 3495 1202 3547 Christi

142 3560 262 3609 virtuale
275 3561 421 3621 infirmitate
433 3564 575 3624 perficitur,
586 3567 671 3624 sicque
682 3563 747 3612 mihi
760 3564 860 3626 prodest
872 3564 939 3625 quod
958 3577 1050 3614 nocere
1064 3565 1201 3626 putabam.

144 3628 201 3677 hino
212 3628 369 3676 libentissime*
379 3629 461 3691 mucis
472 3631 612 3691 plcricbor,
621 3631 660 3680 vel
669 3631 800 3692 ploriubor
810 3633 893 3694 potiris
905 3635 933 3681 in
944 3632 1133 3683 infirmitatibus
1140 3633 1200 3683 nidi

142 3695 351 3757 quibuscunque,
365 3699 416 3744 sire
430 3698 482 3745 sint
494 3697 509 3745 a
520 3704 610 3747 natura
620 3735 627 3756 ,
636 3701 690 3748 sive
702 3700 752 3748 Deo
766 3703 927 3760 permittente
936 3703 989 3750 sint
997 3700 1029 3750 ab
1045 3702 1200 3759 extrinseco,

142 3777 219 3826 quam
236 3765 263 3811 in
278 3764 485 3825 revelationibus,
494 3765 598 3828 aliisque
609 3768 684 3817 rebus
698 3770 725 3816 ln
736 3781 763 3818 se
778 3769 899 3830 gloriosis.

174 3840 204 3888 Ut
218 3837 340 3886 inhabitet
353 3839 408 3900 Syr.
422 3845 448 3888 ut
460 3840 557 3901 obtegat
569 3852 610 3889 me
626 3843 706 3890 virtus
717 3841 822 3902 Christi,
836 3850 863 3891 ut
876 3843 969 3892 Christi
979 3845 1091 3906 potentie
1101 3840 1199 3908 plonius

142 3911 169 3958 ot
180 3907 315 3973 perfectius
328 3909 517 3970 irrhcbitet,seu
531 3909 606 3961 tirum
620 3915 644 3960 et
659 3911 774 3962 stabilem
789 3915 816 3962 in
826 3926 868 3964 me
879 3913 962 3964 sedem
979 3914 1079 3966 habeat.
