2512 4424
136 249 189 301 104
289 246 483 324 ,δΕΰΰΝὓιΕ
502 246 709 301 EPISTOLAE
726 247 777 299 AD
795 241 1039 300 CORINTHIOS

164 341 197 392 iit
210 343 238 392 iu
251 341 370 391 omnibus
387 341 459 391 bonIs
477 341 566 391 divites
584 341 642 391 tacti
654 378 661 400 ,
675 351 732 403 pos-
789 345 835 394 ii.
847 344 880 395 Ut
892 342 920 394 in
934 340 1066 394 omnibus
1076 337 1202 406 locuple-

134 408 190 458 sitls
207 410 235 457 iu
254 411 382 471 posterum
398 408 472 458 corde
491 409 618 471 simplici,
641 414 666 458 et
679 410 732 457 sin·
754 416 822 481 tati,
845 415 995 469 abundetis
1027 414 1059 467 in
1086 427 1202 469 omnem

134 487 192 526 cero
205 475 316 537 affectu,
332 488 408 525 omne
421 475 552 528 charitatis
570 489 649 539 genus
660 489 731 525 exer·
754 493 958 560 simpficipaoem
984 503 1048 558 φη)
1067 496 1202 558 operam,-

133 542 387 661 ⁰⁰'‡13qu⁰dd¹.¹⁰b¹³
406 546 539 594 materiam
560 543 731 607 praebeatlieo
754 584 804 635 per
816 583 869 623 nos
889 532 1041 636 gratiarum
1057 568 1201 624 actionem

133 624 177 673 gra
197 624 226 660 as
240 624 303 674 agen
320 627 355 669 ι..
754 650 820 700 ΜΟ.

163 725 288 786 Quoniam
310 725 403 776 harum
421 723 637 789 eleemosynarum
651 726 732 776 admi·
787 727 833 776 ia.
854 725 992 787 Quoniam
1012 723 1200 778 ministerium

133 797 262 854 ulstratio‚
275 808 327 845 non
338 795 420 845 solum
433 794 533 858 supplet
544 807 573 844 ea
588 808 644 857 quea
656 808 731 844 sauc-
753 799 836 866 hujus
848 800 931 854 officii
938 841 946 867 ‚
955 816 1014 855 non
1027 799 1122 855 spirim
1134 815 1203 870 sup.

134 865 266 915 iisdesuut
276 864 309 913 ad
319 865 528 914 sustentationem
539 883 546 913 ε
559 865 731 926 sedpraeterea
753 877 810 942 plep
821 891 854 929 ea
875 891 939 944 (μω
955 878 1059 931 desunt
1075 879 1182 932 sancti„

133 934 194 985 iacit
209 937 238 982 ut
250 934 282 982 ob
301 933 327 983 id
342 933 457 994 plurimae
474 933 489 983 a
507 933 595 984 multis
607 934 658 984 lieo
673 935 731 985 red·
754 953 804 1005 sed
814 954 897 1005 epam
904 954 1089 1021 abundapper
1098 918 1201 1010 muna}

132 1001 226 1052 ΜΨ
240 1003 378 1063 mmmm
393 1003 515 1053 mm·
754 1029 906 1096 gratiarum
931 1031 1059 1084 actiones
1084 1030 1117 1084 iu
1142 1034 1200 1087 lio-

754 1121 844 1160 mmo.

131 1268 231 1322 umbo,
243 1263 328 1324 idest,
336 1266 361 1312 et
373 1261 440 1324 quod
450 1263 607 1325 praecipuum
619 1268 657 1313 est
666 1300 673 1325 ‚
683 1263 786 1326 nocebit
795 1262 937 1326 spirituales
947 1263 1200 1328 proventusp‘uetitio

133 1340 220 1385 cestro
226 1350 236 1394 ‚·
249 1333 344 1382 scilicet
354 1331 424 1381 dabit
433 1331 477 1381 blo
489 1333 675 1382 incrementum
685 1334 786 1396 gratim,
796 1337 822 1382 et
832 1335 860 1383 in
872 1332 934 1383 colo
946 1332 1042 1394 gloria.

163 1403 230 1452 Ecce
243 1398 400 1464 spiritualem
417 1402 656 1450 remunerationem.

162 1471 352 1520 lucrementum
368 1471 474 1530 gratiae,
492 1471 595 1530 maioris
608 1469 692 1532 gioria
711 1473 848 1531 meritum,
864 1469 962 1520 tructus
977 1472 1040 1521 sunt
1058 1473 1085 1521 et
1102 1471 1199 1524 soboles

130 1539 248 1599 iustitiae,
262 1549 305 1586 seu
320 1535 449 1587 charitatis
462 1548 518 1599 qum
529 1549 573 1599 per
585 1537 770 1600 eleemosynam
782 1542 920 1587 exercetur.

164 1605 299 1667 'triplicem
315 1607 399 1664 itaque
415 1605 518 1654 observa
536 1617 643 1655 messem
660 1618 707 1668 pro
726 1617 778 1655 nno
792 1605 957 1667 eleemosyna
967 1605 1085 1668 semine,
1100 1609 1200 1671 tempo-

132 1672 228 1734 ralem,
241 1672 417 1736 spiritualem,
433 1676 564 1724 aeternam.
602 1705 605 1710 -
688 1726 690 1729 ,

162 1744 231 1793 Bona
244 1743 392 1806 temporalia
408 1755 452 1804 per
469 1742 655 1807 eleemosynam
668 1740 879 1804 multiplicantur.

163 1812 247 1862 Gratia
258 1816 282 1861 et
298 1814 417 1862 sanctitas
428 1813 528 1862 iuterna
542 1817 658 1874 augetur.

163 1879 290 1931 Continui
303 1882 394 1929 crescit
406 1879 492 1941 gloriae
509 1881 638 1929 meritum.

132 1950 134 1955 ’
161 1950 248 2010 ltaque
264 1949 340 2009 quam
353 1948 443 1997 merito
455 1948 569 1997 Christus
586 1947 657 1997 dixit.
670 1945 726 1998 ici.
738 1950 778 2000 20.
797 1948 837 1999 35.
855 1946 958 1998 Boetius
973 1952 1010 1998 est
1022 1947 1109 2012 napis
1122 1951 1197 2008 darc,

132 2017 209 2084 purim
227 2021 347 2080 occipere.
363 2017 440 2067 liutto
452 2019 535 2077 majus
545 2019 615 2065 euim
631 2020 668 2066 est
679 2018 763 2067 dantis
774 2054 781 2078 ‚
791 2018 868 2078 qnam
879 2018 1025 2078 recipientis
1039 2019 1200 2068 emolumen-

131 2093 197 2138 tum.
210 2089 276 2137 Dans
291 2088 381 2136 crescit
393 2087 421 2134 in
433 2088 533 2146 gratiae
548 2087 638 2134 crescit
657 2087 685 2134 in
698 2086 782 2149 gloriae
796 2088 901 2146 merit03
913 2085 1043 2145 ordinarie
1057 2084 1157 2138 ditatur
1174 2091 1200 2136 et

131 2154 313 2217 temporaliter.

163 2222 293 2273 ordinarie
303 2222 371 2281 dixi,
382 2223 442 2283 quia
455 2221 603 2285 pierumque
617 2220 673 2283 pius
683 2221 814 2270 abundant
826 2220 1017 2282 eleemosynarii
1028 2221 1108 2284 quim
1117 2225 1199 2273 amri.

131 2291 178 2342 llic
191 2296 276 2341 tamen
285 2290 450 2340 Providentiae
459 2291 549 2340 modus
560 2303 611 2339 non
623 2294 660 2339 est
674 2294 818 2352 perpetuus,
826 2294 855 2338 ut
868 2292 939 2338 notat
949 2290 1036 2339 Estius
1045 2310 1053 2350 ;
1061 2294 1123 2352 quia
1132 2292 1200 2342 Deus

132 2358 165 2409 ad
175 2372 280 2410 suorum
291 2359 463 2420 probationem
475 2363 500 2408 ct
514 2361 635 2418 majorem
646 2358 750 2418 gloriam
760 2395 767 2418 ,
778 2358 808 2406 de
823 2357 899 2407 rebus
911 2356 985 2406 aliter
1001 2357 1126 2420 disponit.

132 2443 250 2562 ‹iililtevit
267 2443 295 2560 iti}
315 2441 471 2492 omnibus...
489 2440 516 2490 ld
533 2443 587 2500 cst,
603 2445 632 2489 ut
645 2443 673 2490 lu
691 2439 871 2501 temporalibus
886 2442 912 2488 et
926 2439 1105 2502 spiritualibus
1125 2439 1201 2495 bonis

158 2523 174 2559 v
209 2524 221 2560 s
243 2524 273 2560 ac
296 2546 303 2560 .

127 2639 129 2643 ,
162 2585 299 2635 Abundetie
316 2586 344 2634 in
357 2598 453 2634 cantem
472 2583 737 2646 simplicitatem....id
748 2584 912 2644 est,possitis
928 2584 955 2631 in
970 2585 1105 2644 posterum
1124 2571 1206 2634 cordo¹

131 2655 242 2717 simplici
256 2658 281 2704 et
297 2655 389 2704 allectu
405 2656 503 2703 siucero
515 2666 590 2702 omne
604 2654 734 2702 charitatis
747 2665 825 2713 genus
836 2651 995 2700 abundanter
1007 2664 1137 2702 exercere.

163 2729 321 2791 Simplicitas
337 2729 399 2787 bic,
422 2728 614 2787 munillcentia,
641 2729 714 2776 aiunt
734 2727 763 2775 li.
783 2725 990 2787 Chrysostomns,
1007 2725 1201 2789 Theodoretus3

132 2798 240 2848 candida
255 2801 281 2846 et
298 2796 408 2847 liberalis
419 2795 541 2856 largiendi
552 2796 684 2856 voluntas,
698 2797 734 2844 ait
752 2793 882 2854 Gagnaeus.

162 2865 239 2916 liocet
248 2865 291 2915 hic
305 2865 453 2914 divitiarum
468 2863 545 2912 finem
562 2868 586 2911 et
597 2877 682 2912 usum.
696 2864 750 2912 Non
763 2866 823 2912 sunt
838 2861 1012 2924 defodiendae3
1028 2875 1084 2913 non
1095 2869 1160 2914 suut
1173 2867 1202 2916 iu

131 2936 203 2984 vanis
215 2937 260 2984 aut
276 2932 432 2993 voluptuosis
444 2930 626 2992 expendendae3
639 2932 682 2980 sed
696 2935 731 2981 od
746 2945 842 2981 omnem
854 2931 1044 2992 simplicitatem
1056 2931 1201 2994 habendae,

131 3002 158 3052 id
167 3006 214 3062 est,
221 3002 253 3051 ad
261 3013 336 3050 omuc
345 3000 440 3047 bonum
449 3009 512 3059 opus
520 2998 628 3058 simplici
638 3003 662 3047 et
669 3001 767 3048 sincero
777 2999 1008 3049 charitatisaiiectu
1016 3001 1202 3051 exercendum.

164 3077 225 3134 Quo
244 3079 393 3135 operatur...
411 3084 467 3132 quae
480 3074 562 3120 vestra
578 3072 726 3134 simplicitas
739 3076 765 3122 et
775 3073 952 3123 munillcentia
965 3075 1106 3124 materiam
1126 3075 1203 3126 nobis

130 3145 224 3209 prabet
238 3142 288 3190 lieo
304 3143 395 3203 gratias
408 3140 506 3202 agendi.
678 3157 680 3161 ·

161 3212 327 3272 Eleemosyna
346 3223 430 3259 semen
447 3214 485 3259 est
503 3212 641 3271 gratiarum
656 3213 773 3262 actionis.
792 3210 876 3261 Abeo
890 3211 1004 3274 procedlt
1016 3211 1120 3264 bonum
1131 3215 1203 3278 quod

131 3283 210 3341 datis,
226 3284 251 3330 et
266 3281 333 3329 bona
347 3279 479 3340 voluntas,
500 3281 550 3339 qua
568 3279 649 3340 datis;
662 3280 695 3329 ad
706 3280 787 3330 licum
797 3279 863 3330 redit
874 3284 1013 3342 utrumqne
1025 3294 1073 3345 per
1083 3289 1203 3335 nostram

128 3352 268 3412 gratiarum
280 3351 414 3397 actionem.

164 3433 202 3479 it.
217 3429 341 3489 Quoniam
357 3429 554 3478 ministeriam...
564 3429 606 3479 Gr.
623 3431 637 3484 ἡ
651 3427 755 3474 διακονία
765 3427 975 3491 assiccaverint,
988 3430 1203 3497 diaconiahujus

130 3497 246 3559 liturgia.

161 3567 217 3629 Syr.
231 3566 290 3626 quia
306 3564 401 3615 iunctio
417 3565 551 3614 ministerii
562 3564 669 3625 hujus...

161 3634 251 3683 Probat
268 3637 368 3695 propter
390 3645 478 3680 eorum
498 3632 684 3695 eleemosynam
705 3632 755 3683 lico
772 3636 864 3695 gratias
878 3636 935 3698 agi,
954 3640 979 3687 et
994 3638 1061 3690 alias
1081 3646 1202 3693 recenset

130 3703 295 3763 eleemosyna
312 3700 431 3749 utilitates
446 3700 538 3760 quibus
556 3701 622 3751 hauc
638 3715 692 3752 rem
708 3702 819 3753 conticit.

162 3770 286 3831 Quoniam
306 3767 419 3817 collectio
438 3771 463 3815 et
480 3767 664 3817 administratio
680 3769 772 3817 barum
793 3769 1012 3834 eleemosynarum
1037 3788 1093 3827 nou
1115 3779 1203 3830 solum

131 3837 231 3899 supplet
245 3839 390 3884 sanctorum
402 3836 492 3897 inopiae
502 3870 508 3892 ,
520 3837 555 3882 eis
569 3837 709 3885 necessaria
722 3837 918 3901 suppeditand03
928 3841 973 3889 scd
986 3847 1112 3903 praeterea
1124 3847 1201 3912 iacit,

132 3909 162 3956 ut
179 3906 210 3956 ob
228 3904 253 3954 id
266 3900 381 3967 plurime
396 3904 411 3954 a
424 3902 511 3954 multis
526 3902 576 3952 beo
594 3903 731 3954 reddantur
745 3907 884 3969 gratiarum
898 3910 1025 3962 actiones.
