2512 4424
137 259 174 313 ot
298 258 490 314 SECUNDAE
509 259 714 314 EPISTOLAE
732 262 783 314 ab
799 255 1045 330 CORINTHIOS

124 408 127 413 ¹
166 352 216 403 ilos
226 355 304 415 lgltnr
317 354 439 416 apostoli,
451 354 507 406 loco
523 355 633 414 Christi,
648 367 737 404 sumus
792 360 838 410 20.
851 360 905 410 Pro
921 355 1032 410 Christo
1047 365 1117 420 ergo
1127 350 1213 419 lega-

135 422 180 472 lici
192 426 224 474 ad
239 425 357 475 homines
369 425 444 486 legati
454 445 462 483 3
471 429 497 474 et
509 424 614 488 perinde
624 427 662 472 est
672 437 703 473 ae
713 426 735 473 sl
758 435 834 488 reone
845 434 1142 500 fungimur‚ranquam
1150 430 1217 482 neo

136 491 268 556 beusipse
284 506 328 542 '⁰⁵
341 506 387 556 per
395 498 558 554 ¹1⁰⁵¹⁰s³1⁰ss
758 512 921 565 exhortante
931 524 984 576 per
996 522 1061 561 nos.

166 583 215 633 Vos
227 589 252 634 et
267 599 355 634 omnes
366 585 484 635 homiues
493 587 654 636 obsecramus
663 623 670 645 ,
680 588 736 634 vice
759 591 942 644 Obsecramus
958 601 1011 654 pro
1026 585 1151 650 Christo,
1162 597 1214 637 re-

135 653 243 714 Grristi,
256 655 398 705 llediatoris
416 655 460 704 bei
481 660 508 704 et
529 657 679 716 hominum;
697 669 738 704 re-
758 666 944 720 goncffiamini
954 668 1024 718 neo,

136 723 308 772 conciliamini
317 722 381 784 lieo,
391 725 633 774 memoresiniinita)
643 728 698 785 ejus
709 727 736 774 in

135 805 181 842 ros
191 792 379 841 misericordia.

165 860 257 910 Filium
267 872 343 908 snum
351 896 358 919 ,
366 862 493 920 justitiam
505 860 623 922 ipsam,d
634 864 737 922 peccato
794 878 839 928 21,
850 877 936 936 Eum,
953 873 1003 940 qui
1015 886 1075 925 non
1086 876 1214 925 noverat

134 931 202 1046 gezi?
203 928 588 1058 liguffi'cg‘pfflruffi‚ngt⁵oe
576 930 737 1059 1100chngAE
759 958 917 1091 ffiggff:
930 963 983 1016 1)ῐο
997 948 1083 1002 ¹¹01>ss
1103 961 1214 1014 pecca-

135 1070 280 1115 nostrorum
291 1065 416 1126 bostiam;

165 1225 205 1272 2⁰.
216 1223 270 1270 Pro
287 1221 385 1270 Cbrc'cto
397 1235 456 1282 cryc
468 1221 591 1282 ecaton
601 1220 741 1283 [nocivam.

165 1292 203 1340 lix
213 1291 288 1339 dictIs
299 1290 447 1339 immediate
460 1292 488 1338 in
507 1288 632 1339 versiculo
648 1289 820 1352 precedente,
832 1286 961 1338 concludit
971 1287 1015 1337 hle
1025 1288 1059 1337 ad
1074 1287 1210 1350 apostolici

133 1361 269 1408 ministerii
282 1358 397 1419 gloriam.

163 1429 214 1476 llos
230 1429 308 1488 igitur
320 1425 446 1488 Apostoli,
460 1429 518 1475 rice
528 1430 555 1475 et
573 1425 629 1475 loco
638 1425 732 1475 Christi
742 1426 865 1483 absentis,
878 1426 905 1474 in
916 1427 1021 1486 eiusque
1031 1437 1133 1475 munus
1148 1425 1214 1475 sub·

134 1498 214 1545 stituti
225 1532 233 1555 ,
245 1494 320 1556 legati
335 1508 426 1544 sumus
444 1495 487 1544 liei
508 1495 542 1543 ad
561 1493 696 1553 homiues;
709 1497 735 1543 et
751 1494 819 1556 quod
833 1493 899 1542 bens
918 1494 991 1543 Pater
1007 1507 1054 1556 per
1074 1494 1211 1544 Christum

133 1563 265 1613 bominem
277 1569 352 1614 antea
370 1564 444 1624 iecit,
455 1578 526 1614 nunc
537 1577 584 1626 per
597 1577 660 1624 nos,
671 1563 765 1613 Christi
777 1566 902 1624 vicarios,
915 1566 997 1626 pergit
1015 1563 1110 1614 iacere.
1123 1566 1163 1615 lia
1178 1578 1211 1616 ex

133 1633 164 1683 b.
175 1633 354 1696 chrysostomo
370 1633 582 1696 Theophyhctus.
733 1636 736 1641 '

164 1704 244 1752 'lanto
261 1704 385 1751 nimirum
405 1705 432 1750 in
449 1704 532 1764 prelio
549 1707 589 1751 est
607 1701 676 1764 apud
688 1701 768 1750 lieum
779 1702 914 1752 hominum
925 1715 1005 1764 genus
1013 1741 1021 1765 ,
1030 1707 1062 1752 ut
1072 1707 1099 1753 et
1111 1702 1211 1753 Filium

133 1773 245 1831 dederit,
259 1772 335 1832 idque
350 1771 410 1820 crim
423 1783 484 1820 eum
494 1776 637 1821 mactatam
651 1773 683 1819 iri
694 1771 849 1834 exploratum
860 1771 976 1832 haberet,
992 1777 1019 1823 ei
1031 1773 1120 1822 vasuh
1128 1773 1211 1822 causa

133 1853 180 1890 nos
189 1839 320 1903 Apostolos
335 1840 428 1889 crearit
441 1858 450 1888 ε
464 1841 550 1901 itaque
563 1852 616 1887 non
631 1839 677 1888 abs
690 1853 734 1900 re,
748 1842 833 1888 omnia
846 1845 947 1902 propter
960 1853 1005 1888 ros
1015 1878 1023 1901 ,
1035 1840 1101 1889 dixlt
1118 1853 1209 1904 supra.

168 1916 298 1977 tauquam
315 1915 367 1963 Deo
378 1913 526 1963 cohortante
526 1947 576 1963 .....
587 1914 645 1976 Syr.
667 1918 693 1963 et
711 1913 816 1976 perinde
831 1918 869 1963 est
880 1926 911 1962 ac
926 1916 948 1964 si
960 1914 1028 1964 Deus
1040 1919 1145 1977 rogaret
1162 1927 1210 1965 ros

133 1997 182 2048 per
192 1998 249 2034 uos.

161 2053 197 2100 lle
210 2053 359 2101 existimetis
369 2063 415 2100 ros
429 2051 445 2100 a
462 2052 535 2101 nobis
546 2053 645 2112 rogari3
656 2050 771 2100 Christus
786 2052 839 2112 ipse
851 2063 897 2102 ros
911 2055 997 2113 rogat3
1006 2050 1082 2102 Pater
1093 2054 1151 2116 ipse
1162 2065 1209 2117 per

132 2133 180 2170 nos
189 2133 234 2169 vos
245 2125 301 2169 orat
310 2124 387 2181 atque
398 2120 521 2168 obsecrat.
532 2119 562 2169 b.
576 2120 779 2180 chrysostomus.
1136 2136 1142 2151 ·
1215 2163 1219 2168 .

162 2186 381 2248 Quemadmodum
394 2200 439 2248 per
449 2187 578 2236 Christum
588 2188 738 2237 adhortatur
747 2201 794 2237 nos
808 2187 897 2249 Pater,
910 2191 947 2239 sic
957 2192 983 2238 et
992 2203 1038 2252 per
1051 2203 1100 2241 uos
1109 2191 1209 2242 adhor-

131 2261 214 2316 tatur,
227 2260 255 2304 nt
269 2257 317 2318 ipsi
333 2254 545 2303 reconciliemini.
558 2254 769 2318 Theophylactusss

165 2331 331 2380 obsecramus
343 2343 391 2390 pro
407 2329 515 2378 Christo.
528 2329 578 2378 Vos
594 2334 620 2378 et
638 2343 727 2378 omnes
740 2329 857 2380 homines
867 2344 985 2394 rogamus
1000 2337 1026 2383 et
1039 2334 1208 2386 obsecramus

132 2403 189 2450 vice
201 2403 227 2448 et
237 2399 294 2448 loco
305 2398 398 2447 Christi
408 2417 416 2457 ;
427 2399 470 2446 cui
481 2400 509 2446 iu
524 2397 573 2448 hac
588 2398 711 2460 legatione
722 2403 899 2451 successimus.

162 2473 368 2523 iicconcssiumici
383 2473 453 2530 Deo,
468 2472 518 2520 hoc
536 2476 575 2522 est
589 2473 658 2533 quod
670 2477 696 2521 et
708 2473 837 2534 Christus,
850 2479 876 2523 et
890 2476 964 2525 Pater
974 2479 1029 2540 ipse
1041 2491 1089 2541 per
1100 2493 1151 2531 nos
1161 2493 1209 2530 ros

131 2545 254 2593 obsecrat.
268 2541 474 2591 Reconciliamini
482 2543 533 2591 Deo
548 2562 558 2592 .·

162 2611 183 2661 0
203 2613 297 2660 miram
317 2612 419 2672 pietatis
439 2614 464 2658 et
484 2609 663 2671 indulgentie,
683 2611 736 2660 sire
759 2610 910 2662 humilitatis
930 2617 1155 2676 magnitudineml
1171 2623 1207 2670 cit

131 2680 333 2743 Theophylactus
352 2698 359 2727 ε
377 2681 430 2741 ipse
449 2684 486 2727 est
499 2692 544 2740 per
562 2690 609 2727 nos
622 2679 747 2738 offensus,
758 2684 783 2728 et
796 2684 868 2741 quasi
888 2682 1021 2744 deliquerit
1035 2688 1064 2736 in
1077 2701 1146 2751 nos,
1161 2702 1206 2751 per

130 2751 223 2813 legatos
234 2748 371 2798 intercedit
383 2753 411 2796 ut
425 2747 570 2796 condonent
581 2748 649 2807 beo,
661 2747 687 2795 id
702 2751 755 2807 est,
766 2753 794 2797 ut
805 2762 865 2797 cum
881 2752 935 2813 ipso
950 2752 1087 2805 redeamus
1106 2759 1137 2806 in
1148 2771 1206 2820 gra-

160 2887 248 2938 Redite
264 2900 324 2937 cum
345 2886 395 2934 lieo
413 2887 441 2934 in
461 2888 578 2946 matiam.
592 2885 880 2947 commaculemini,
893 2891 918 2938 et
934 2902 980 2952 per
1000 2891 1099 2944 Christi
1112 2900 1205 2948 merita

129 2958 181 3007 lieo
191 2954 429 3005 reconciliabimini.

160 3028 254 3076 Christi
262 3027 358 3086 messio
379 3026 474 3071 meruit
487 3023 560 3072 nobis
573 3023 819 3088 reconciliationem
833 3027 888 3078 hac
903 3030 964 3080 verb
981 3045 1028 3094 per
1045 3033 1147 3098 tidem,
1160 3049 1205 3100 per

128 3095 320 3158 penitentiam,
334 3104 380 3152 per
390 3098 548 3139 sacramenta
562 3092 635 3140 nobis
647 3093 795 3155 applicatur.
808 3096 899 3158 Sicque
910 3101 1085 3152 conciliantur
1095 3107 1167 3168 qnod
1177 3119 1202 3155 n.

132 3168 170 3213 lt).
179 3161 360 3211 Reconciliavit
372 3174 417 3208 noc
428 3161 494 3217 cibi,
505 3164 529 3207 et
538 3161 605 3221 quod
613 3160 670 3221 hic,
681 3165 878 3214 reconciliamini
887 3168 948 3218 Deo.

159 3249 200 3295 21.
212 3247 278 3293 Eum
291 3245 338 3305 qui
339 3278 388 3292 .....
400 3243 443 3292 Gr.
455 3257 514 3292 eum
526 3247 604 3294 enlm.
615 3245 670 3306 syr.
680 3245 756 3296 idem.

159 3313 292 3363 Rationem
308 3312 462 3371 atterimus
478 3326 524 3361 nos
543 3319 644 3361 moveat
656 3314 689 3362 ad
704 3317 869 3379 sperandm
881 3324 906 3369 et
916 3325 1084 3383 quaerendam
1096 3342 1160 3380 oum
1174 3329 1204 3380 fl.

129 3383 205 3433 dacia
216 3386 330 3430 nostram
341 3394 401 3429 eum
414 3382 464 3430 lieo
478 3383 717 3433 reconciliationem.

158 3452 238 3500 Tanta
252 3450 301 3498 init
321 3451 348 3497 in
369 3463 416 3498 nos
436 3452 607 3500 misericordia
621 3452 679 3511 liei,
696 3458 723 3500 ut
736 3454 828 3504 Filium
841 3471 933 3520 suum,
946 3465 992 3523 qui
1006 3476 1203 3526 mmmmm

128 3526 245 3577 meret,
258 3519 303 3580 qui
317 3520 372 3579 ipsa
381 3522 480 3579 justitia
492 3525 554 3569 erat.
568 3520 596 3567 li.
608 3521 806 3582 Chrysostomus
815 3530 840 3573 et
850 3528 1065 3592 theophylactus.

157 3586 206 3646 Qui
218 3585 283 3636 nulli
297 3599 412 3647 uuquam
424 3592 528 3649 peceato
540 3586 590 3636 tuit
603 3588 741 3648 obnoxius,
753 3591 820 3652 imo,
838 3595 874 3642 sic
885 3595 985 3647 alienus
1005 3602 1021 3649 d
1034 3610 1144 3666 peccato
1173 3621 1202 3657 aa

127 3657 150 3704 si
162 3654 227 3703 illud
239 3668 343 3717 prorsus
357 3657 491 3716 Ignoraret.
790 3690 795 3695 -
1153 3645 1161 3669 ’

156 3723 228 3784 Quod
249 3723 363 3772 alienum
384 3730 422 3773 est
441 3727 456 3774 a
475 3728 631 3775 conscientia
642 3763 649 3786 ,
661 3727 760 3776 ridetur
775 3728 887 3781 ahenum
905 3737 930 3782 ct
947 3735 1086 3792 escientla
1116 3749 1155 3797 ait
1172 3758 1201 3795 er

128 3791 159 3841 u.
172 3793 313 3855 Augustino
323 3793 488 3844 Fromondus.
1095 3781 1105 3806 ⁹

156 3867 292 3916 Prouehis
303 3877 432 3929 peccorum
443 3871 516 3931 fecit,
529 3870 554 3918 id
568 3874 619 3929 est,
631 3876 659 3918 ut
673 3876 829 3932 peccatorem
841 3880 865 3923 et
876 3876 1105 3938 sceleratissimum
1115 3890 1200 3940 homi-

128 3947 188 3985 nem
199 3949 244 3998 pro
256 3937 329 3988 uobls
342 3941 419 3988 morti
431 3940 544 3990 tradidit.
556 3938 584 3988 u.
597 3940 788 3992 Chmsostomus
797 3978 805 3997 .
815 3956 860 3993 seu
868 3949 948 3998 nostri
959 3955 1039 4004 causa
1052 3957 1198 4020 mulctarit,
