2512 4424
147 243 186 297 9⁰
312 237 499 295 SECUNDAE
518 237 716 293 EPlS'l'OLAE
736 233 1046 292 incommunius

40 332 45 342 ’
143 340 186 385 tus
198 336 249 394 est,
260 335 291 383 ut
300 346 346 384 ros
357 333 426 383 illius
437 333 523 396 inopie
534 335 561 384 in
574 331 745 396 spiritualibus
768 333 840 386 illius
851 332 945 400 inopih
959 345 1010 385 vos
1020 311 1124 384 divites
1142 340 1219 384 esse-

144 403 230 451 essetis
247 399 347 450 divites.
360 401 446 463 lpsum
458 402 593 450 imitamini
604 437 611 461 ,
623 413 745 464 pauperes
767 411 813 463 pis,

144 469 274 586 ditllamehae
293 537 320 587 in
339 549 367 587 re
386 537 521 587 eonsilium
534 538 606 587 robis
622 538 671 598 tlo,
692 549 744 587 non
802 543 848 593 ιο.
856 543 888 592 Et
896 536 1045 591 consillum
1053 534 1084 589 iu
1092 533 1151 589 hoc
1161 533 1211 587 do:

144 606 241 668 impero
253 623 260 654 ι
276 604 302 653 ld
313 609 399 655 autem
411 604 482 655 vobis
493 605 598 655 consulo
610 643 616 666 ,
628 607 688 666 quia
700 617 746 654 vo-
768 617 822 669 h00
834 617 909 669 enim
922 614 1003 667 vobis
1014 612 1086 665 utile
1095 616 1140 665 est
1149 650 1158 675 ‚
1166 609 1212 677 qui

143 673 183 722 his
199 672 279 732 utile5
295 674 383 732 vobis,
404 675 524 734 inquam,
538 676 582 734 qui
598 686 649 722 non
662 673 745 722 solum
769 708 826 746 non
839 691 928 744 solnm
938 691 1029 744 facere
1049 689 1102 743 md
1111 687 1221 743 mem

144 739 171 789 id
183 742 306 802 ooeplstis,
318 739 362 788 sed
374 743 398 787 et
408 743 497 800 sponte
507 739 622 789 voluistis
635 741 666 788 ab
678 752 745 789 anno
769 769 891 836 coepisfis
903 768 939 820 ab
953 729 1149 833 anno’prim·

143 808 270 868 preterito
276 826 284 867 3
296 809 382 868 sieque
392 806 541 858 blaoedonas
551 810 710 871 praevenistls
720 812 746 863 et

143 875 328 926 iaetoetroto.
1208 900 1211 906 -

172 944 246 994 Nune
266 956 324 1006 ergo
343 943 464 995 absolvite
482 946 550 1007 quod
572 947 682 1008 sopistis
692 965 699 1005 ;
717 950 746 996 ut
801 945 846 995 lt.
859 940 1014 994 Nuncverd
1027 938 1143 993 etiaeto
1155 951 1214 1005 per·

142 1013 356 1075 quemadmodum
376 1015 487 1076 prompti
502 1015 586 1064 fuistis
607 1014 639 1064 ad
656 1014 744 1063 volen-
767 1020 858 1083 fl01103
898 1024 930 1072 ut
971 1016 1212 1084 quemadmodum

143 1083 218 1143 dum,
238 1085 273 1132 ita
292 1086 402 1146 prompti
421 1086 476 1132 sitis
496 1084 529 1132 atl
544 1083 743 1146 perficiendum,
766 1103 913 1164 promppus
929 1101 971 1149 esp
981 1095 1095 1147 animus
1110 1093 1213 1145 volun.

143 1155 318 1215 unusquisque
332 1155 404 1214 juata
426 1165 485 1202 suas
500 1151 640 1203 facultates.
768 1173 843 1237 Μῦες
857 1173 895 1225 113
906 1172 942 1224 sip
952 1177 980 1224 ep
997 1169 1167 1237 perpopfflffi
1181 1181 1210 1222 θ,

688 1251 689 1256 ’
767 1247 1016 1315 eoquodbabeiis.

173 1330 200 1382 Sl
216 1334 285 1382 enim
302 1332 370 1382 bona
391 1331 510 1382 voluntas
529 1332 609 1393 adsit,
623 1334 649 1380 et
667 1331 744 1382 faeiat
800 1329 845 1378 ιι.
891 1325 920 1377 si
957 1323 1034 1375 enlm
1081 1321 1214 1375 voluntas

144 1400 286 1450 meandum
296 1399 396 1461 ldquotl
404 1399 480 1449 habet
491 1402 516 1448 et
526 1403 623 1462 potest,
635 1399 685 1449 lieo
700 1412 745 1449 ao·
766 1407 894 1470 prompta
919 1406 978 1464 est,
1001 1396 1165 1453 seeundum
1183 1395 1213 1450 iti

176 1576 206 1625 lit
215 1575 287 1625 illius
299 1575 388 1637 inopie
401 1575 428 1624 in
439 1570 637 1638 temporalibus,
651 1590 712 1636 uos,
730 1579 758 1626 ln
771 1575 947 1639 spiritualibus
963 1573 1047 1624 essetis
1065 1573 1173 1635 diuitem
1186 1573 1212 1622 ln

143 1643 207 1704 ilde,
219 1645 326 1706 pietate,
337 1645 453 1705 justitie,
470 1645 565 1707 gratia,
577 1642 671 1706 gloria,
683 1646 784 1694 aeternis
800 1648 826 1693 et
840 1643 1048 1705 permanentibus
1060 1640 1169 1693 divitiis.

172 1714 231 1765 llaec
242 1715 307 1764 serlb
319 1717 425 1776 cogitata
439 1719 464 1765 et
477 1715 543 1778 apud
556 1727 602 1765 ros
611 1715 761 1777 expendite;
772 1718 798 1765 et
809 1714 875 1764 nulli
886 1717 923 1764 rei
937 1715 1062 1776 pareetls,
1076 1716 1108 1763 ιιι
1121 1712 1212 1766 immeo

142 1787 255 1845 vestros,
266 1785 298 1834 ad
310 1784 454 1847 exemplum
466 1784 559 1835 christi
570 1821 577 1842 ,
588 1787 680 1835 vestris
690 1785 774 1835 ditetis
786 1782 960 1847 eleemosynis.

173 1853 199 1903 Sl
211 1855 280 1903 enim
291 1856 406 1903 omnium
419 1859 516 1903 oreator
527 1857 552 1904 et
563 1854 688 1903 Dominus
697 1861 800 1917 propter
808 1868 853 1904 oos
865 1867 954 1916 opertus
965 1852 1048 1915 factm
1058 1859 1113 1904 est:
1124 1852 1211 1919 quidni

141 1936 187 1986 pro
203 1927 258 1986 ejus
273 1936 359 1973 amore
372 1923 484 1986 aliquam
500 1923 588 1974 saltem
601 1923 749 1974 divitiarum
760 1927 901 1973 vestrarum
912 1926 1011 1987 purtem
1021 1922 1170 1987 donabitis,
1179 1922 1212 1974 'ut

87 2053 90 2057 r
141 1994 310 2056 pauperibus,
323 1995 413 2043 vestris
425 1997 450 2042 et
460 1992 553 2042 Christi
569 1991 702 2053 iratribus,
712 1995 885 2042 succurratis?

174 2079 212 2125 tii.
226 2076 259 2124 Et
269 2075 402 2123 aemilium
415 2074 442 2122 iu
457 2073 518 2132 boo,
529 2074 555 2123 id
566 2078 620 2134 est,
635 2072 684 2123 hae
696 2075 724 2122 ln
735 2085 764 2122 re
774 2108 782 2133 ,
794 2085 839 2123 seu
851 2077 895 2134 ut,
907 2073 940 2123 ad
950 2073 1098 2138 exemplum
1108 2074 1210 2136 Christi,

142 2143 327 2206 eleemosynam
341 2143 497 2205 largiamini,
510 2144 542 2193 (lo
557 2144 639 2193 robis.

171 2219 226 2267 iios
243 2218 391 2267 enimvobis
405 2219 467 2267 utile
482 2224 532 2277 est,
542 2219 601 2280 quia
613 2219 775 2268 meritorium
785 2219 844 2268 vitae
854 2221 964 2269 mternae.

170 2285 337 2348 Eleemosyua
349 2285 406 2348 pius
414 2287 515 2349 prodest
523 2289 551 2337 in
560 2285 722 2344 iacientibus,
731 2298 807 2347 qnam
817 2286 1009 2349 aooipientihus.
1019 2286 1087 2338 Hine
1097 2287 1128 2338 D.
1139 2288 1210 2341 John.

141 2352 350 2418 chrysostomus,
360 2357 408 2404 nisi
422 2368 543 2418 pauperes
559 2358 658 2412 essent,
670 2353 738 2402 salus
751 2359 836 2403 nostra
847 2368 938 2416 magua
950 2367 981 2404 en
995 2361 1068 2416 parte
1081 2358 1211 2421 profligata

141 2438 172 2474 ao
185 2437 270 2474 eversa
285 2428 349 2474 esset
360 2445 367 2474 a
380 2429 409 2474 ut
417 2427 460 2486 qui
475 2426 518 2474 ubi
533 2427 655 2488 pecunias
669 2436 751 2472 serere
762 2436 908 2485 possemus,
921 2437 974 2473 non
985 2424 1151 2476 haberemus.

175 2499 249 2548 Vobis
261 2512 319 2560 erpo
330 2499 392 2548 utile
405 2504 455 2557 est,
470 2501 514 2561 qui
528 2512 579 2548 ooo
595 2497 680 2548 solum
694 2496 792 2560 faeere,
803 2497 846 2546 sed
857 2502 882 2547 et
892 2497 954 2547 velle
967 2499 1087 2561 primum
1104 2499 1211 2564 ooepistt's

142 2570 296 2632 (imperiosi
307 2582 391 2632 ouoo;
403 2571 439 2618 ita
456 2570 499 2618 Gr.

172 2637 290 2688 stimulat
302 2650 345 2687 eos
356 2638 402 2687 suh
413 2639 514 2700 propria
525 2636 740 2699 promptitudine,
752 2638 781 2684 ut
792 2637 836 2696 qul
849 2637 926 2699 primi
937 2635 1021 2686 faeere
1034 2641 1179 2702 coeperunt,
1187 2641 1211 2688 et

141 2710 229 2769 sponte
242 2708 288 2756 suh
302 2708 378 2768 primi
390 2705 527 2755 voluerunt
542 2705 573 2753 ab
587 2717 655 2756 anno
669 2705 805 2767 praeterito.
1154 2766 1158 2771 Ι

171 2782 226 2832 Non
236 2781 319 2831 solum
329 2780 423 2844 forme,
436 2792 481 2829 seu
496 2779 582 2839 largiri
596 2779 673 2841 primi
688 2779 817 2839 ooepistis,
834 2776 878 2826 sed
889 2782 914 2827 et
929 2776 1013 2838 ultrb,
1024 2781 1118 2841 sponte
1127 2780 1211 2832 restit

141 2849 210 2899 nullo
221 2862 265 2898 vos
276 2849 308 2897 ael
320 2849 346 2896 id
357 2848 490 2905 hortante,
504 2846 620 2894 voluistis
634 2845 666 2893 ab
682 2856 750 2893 anno
764 2847 901 2906 superiore.

170 2919 262 2981 Sisque
274 2916 423 2967 Macedonas
433 2915 590 2978 praevenlstis
608 2918 634 2962 et
652 2918 710 2963 voto
728 2917 753 2963 et
768 2913 850 2974 iacto,
863 2918 890 2962 et
900 2913 978 2976 primi
990 2913 1088 2966 ieolstls
1098 2921 1125 2968 et
1135 2918 1211 2982 primi

140 2987 263 3038 voluistis.

173 3073 210 3117 ιι.
222 3069 294 3118 Noae
307 3065 367 3116 vero
383 3070 406 3114 et
423 3061 656 3127 immaioribus...
674 3061 767 3122 idest,
783 3075 854 3112 nuno
867 3074 925 3124 ergo
941 3062 1067 3114 absolvite
1077 3066 1151 3128 quod
1161 3077 1212 3118 ote-

140 3137 220 3196 pistis.

173 3211 202 3259 lli
215 3208 426 3271 quemadmodum
436 3205 511 3268 alluit
520 3203 592 3253 vobis
603 3204 774 3265 promptitudo
785 3205 924 3255 voluntatis
935 3241 942 3264 ‚
955 3206 993 3254 sio
1006 3210 1033 3256 et
1049 3207 1119 3260 adsit
1131 3209 1213 3274 pleni·

140 3278 200 3327 tudo
214 3279 291 3339 laeti,
305 3274 446 3326 seeundum
458 3287 531 3323 suain
545 3274 651 3334 quisque
667 3273 833 3322 substantiam
847 3278 872 3322 et
885 3273 1044 3326 facultatem.

170 3345 231 3403 Seu,
241 3349 308 3394 siout
319 3344 428 3406 prompti
440 3342 523 3391 inistis
538 3340 571 3390 ad
581 3339 728 3401 volendum,
738 3342 773 3390 ita
787 3343 896 3403 prompti
908 3342 964 3391 sitis
978 3342 1214 3407 superhabendum

140 3413 280 3462 seeundum
294 3411 427 3460 facultates
437 3413 541 3458 uestras.

168 3482 226 3545 Syr.
238 3485 266 3531 ut
281 3483 348 3530 siout
364 3479 467 3528 incessit
478 3477 549 3527 uobis
560 3478 652 3540 oupido
666 3477 744 3537 buius
755 3476 908 3539 voluntatis,
919 3481 956 3530 sle
966 3483 994 3530 et
1007 3479 1077 3533 laeto
1089 3496 1214 3550 exseqm-

143 3551 221 3608 mlnl,
232 3561 262 3596 ee
272 3559 300 3596 eo
315 3547 383 3608 quod
397 3545 506 3604 habetis,
518 3544 545 3593 ld
555 3549 606 3606 est,
621 3559 667 3608 pro
687 3544 807 3595 facultate
822 3550 846 3595 et
864 3545 953 3607 opibus
966 3551 1070 3602 restris.

172 3631 210 3679 ιι.
222 3631 252 3680 Si
267 3629 332 3678 mim
345 3627 462 3677 volentos
477 3633 596 3689 prompto
607 3632 672 3676 est...
683 3626 726 3674 Gr.
739 3628 760 3675 si
774 3629 843 3675 enim
857 3630 1032 3691 promptitudo
1044 3635 1130 3684 animi
1142 3636 1215 3699 prirls

139 3699 219 3759 adsit,
236 3697 378 3748 meandum
389 3696 415 3745 ld
430 3697 498 3759 quod
508 3695 584 3747 habet
596 3699 669 3760 quis,
681 3695 745 3746 bene
759 3701 876 3759 aceeptus
888 3703 941 3759 est,
954 3712 1008 3749 non
1021 3705 1173 3756 seeundum
1188 3707 1214 3758 id

140 3767 422 3898 (ingmnmnommmemdsit
435 3833 571 3895 voluntas,
585 3835 657 3895 iusta
668 3833 695 3884 ld
707 3831 774 3894 quoe
784 3832 872 3894 habet,
883 3833 959 3896 piane
970 3842 1080 3902 aooepto
1091 3845 1131 3893 est
1142 3879 1150 3906 ,
1160 3854 1213 3895 non

140 3907 211 3967 gustu
227 3905 253 3956 id
267 3904 335 3982 quod
350 3916 402 3956 non
416 3903 500 3955 habet
1067 3953 1071 3958 .
