2512 4424
153 258 206 310 ω
393 306 396 311 ,
444 251 651 306 EPISTOLAE
669 251 721 302 sl)
737 248 931 302 hrflnslos

185 348 274 408 llegno
293 344 377 397 studio
400 346 540 396 incumbite
561 349 590 394 nt
608 345 753 394 animorum
810 343 957 399 &solliciti
965 340 1215 396 semermium

155 416 316 465 concordiam
331 418 357 464 et
368 416 492 463 unitatem
504 414 617 462 servetis.
777 421 891 488 spiritns

186 499 216 547 ln
233 497 408 558 colligatione,
424 509 468 545 seu
484 494 691 544 concatenatione
707 506 754 555 pa·
777 497 806 550 in
818 496 928 549 vinculo
938 490 1026 560 pacis.

156 568 207 625 eis,
219 566 245 615 ld
261 573 298 614 est
308 603 315 625 ,
325 568 353 614 in
367 563 525 628 pace‚velut
535 562 640 612 vinculo
655 563 755 610 animos

157 633 299 695 colligante.

186 701 275 751 Uultas
290 703 319 755 in
337 703 388 749 tota
408 703 490 748 vestra
509 696 629 757 religione
646 699 754 756 regnat:
811 701 840 751 Δ,
860 698 952 750 unum
975 707 1081 761 corpus
1100 699 1129 749 et
1148 706 1217 748 unns

157 783 239 821 unum
249 781 294 818 vos
304 780 394 829 corpus
405 768 464 816 estis
474 766 629 827 mysticum,
641 767 757 811 unumst
779 775 907 842 „pirum

155 837 275 890 eumdem
286 837 417 898 accepistis
429 836 564 896 spirltum3

186 905 308 954 Eamdem
321 900 421 954 hahens*
430 902 555 952 felicitatis
568 901 667 949 uterne
675 910 757 961 spem,
780 905 852 957 sicut
863 902 956 954 vocati
971 899 1041 954 estis
1057 900 1088 953 in
1100 912 1157 953 nna
1173 911 1217 964 spe

157 972 277 1034 adquam
295 973 378 1021 roeati
394 971 453 1019 estis
465 979 562 1018 omnes.
780 979 932 1034 vocationis
943 985 1054 1031 vespm,
1123 1025 1128 1034 ἱ

187 1056 311 1106 Omnibus
319 1054 390 1104 vohis
399 1065 466 1102 unus
475 1055 500 1101 et
511 1049 579 1100 idem
587 1050 626 1099 est
634 1046 758 1099 hominus
816 1059 843 1109 5,
856 1053 1101 1118 unus-mmmm,

157 1125 229 1174 lesus
242 1124 356 1175 Christus
366 1142 373 1182 t

188 1193 258 1243 ldem
271 1193 371 1242 creditis
387 1202 494 1252 omnes3
780 1201 837 1240 una
852 1185 936 1247 tides,

189 1268 245 1318 Uno
259 1272 284 1318 et
299 1267 387 1317 eodem
400 1267 552 1329 Baptismate
563 1303 571 1327 ,
584 1265 678 1317 Christi
691 1262 760 1314 scili·
780 1276 868 1316 unum
886 1259 1038 1327 Baptisma.

160 1341 214 1397 cet,
225 1340 307 1387 renati
323 1339 431 1392 estis,et
446 1335 665 1386 [antichristiani.

189 1404 274 1453 Unum
283 1403 364 1452 Derim
375 1401 457 1451 colitis
468 1414 570 1461 omnes;
817 1402 844 1451 6.
855 1401 932 1452 Unus
943 1398 1037 1461 liene,

189 1575 244 1623 Nou
255 1575 352 1623 oriatur
363 1585 394 1622 ex
408 1544 684 1635 solotemperament03
695 1531 747 1627 non
763 1575 797 1622 sit
813 1584 843 1622 er
860 1570 974 1620 humana
993 1569 1098 1637 tantum
1115 1567 1215 1633 comph-

159 1645 261 1703 eeutia;
273 1655 325 1692 non
343 1654 374 1692 ex
391 1641 520 1705 hypocrisi
539 1642 680 1706 pharisaica
699 1662 705 1691 =
721 1642 765 1692 sed
780 1654 811 1692 ex
826 1640 951 1717 spirituali
969 1643 995 1688 et
1013 1639 1102 1690 (lirino
1117 1639 1214 1702 proximi

159 1722 255 1862 augg
269 1779 672 1832 ChristusomnihusChrlstianis
683 1779 791 1830 dixerit:
802 1777 974 1837 Discitedme,
987 1780 1052 1841 puio
1059 1778 1129 1828 mdia
1135 1781 1214 1828 mne

161 1849 489 1978 ingemuegpm
503 1919 596 1969 Christi
609 1917 758 1983 Apostolus,
775 1930 822 1967 nos
839 1916 872 1966 ad
889 1919 969 1965 vitam
987 1914 1076 1964 nostrd
1095 1914 1213 1966 rooedoue

160 1990 262 2052 dignam
278 1991 427 2051 exhortans,
441 1989 610 2039 humilitatem
628 1993 653 2039 et
672 1987 894 2038 mansuetudinem
906 1985 979 2035 nohis
992 1985 1136 2048 praesertim
1153 1993 1212 2032 com·

59 2056 63 2063 '
160 2059 272 2109 mandat.

190 2129 294 2188 Etonia
308 2125 417 2177 charitas
426 2127 505 2176 torma
516 2130 651 2188 reginaque
663 2129 802 2186 virtutum,
812 2123 875 2174 hino
890 2127 915 2173 et
925 2121 1017 2172 merito
1032 2123 1091 2173 vult
1101 2125 1131 2172 ut
1140 2120 1212 2171 ioha-

160 2199 233 2245 rltatc
245 2195 285 2242 hae
302 2199 393 2244 nostrae
403 2198 509 2244 virtutes
523 2198 688 2258 imperentur.

192 2287 217 2332 3.
230 2282 349 2332 Solliciti.
362 2282 406 2332 Gr.
420 2283 557 2332 studentes.
571 2283 626 2345 Syr.
642 2286 667 2331 et
678 2285 790 2342 satagite.

192 2353 222 2399 ln
232 2352 341 2401 uinculo.
352 2351 396 2403 Gr.
407 2351 431 2396 iv
443 2357 484 2396 eoo
497 2349 628 2414 συνδέσμῳ,
644 2354 671 2402 in
683 2352 841 2413 colligatione
851 2389 858 2412 ,
867 2352 1079 2402 concatenatione
1088 2387 1095 2410 ,
1105 2351 1212 2411 coujunc-

161 2422 239 2470 tione.

191 2490 242 2539 Par
257 2495 294 2540 est
304 2491 452 2552 vinculum,
470 2495 573 2552 catena,
586 2490 670 2552 gluten
691 2493 789 2540 animos
805 2492 959 2541 connectens
970 2485 1002 2538 et¹
1012 2488 1136 2552 colligans
1149 2507 1155 2537 ε
1166 2487 1211 2536 eni·

160 2572 260 2608 marum
271 2563 355 2609 autem
370 2563 430 2610 unio
443 2565 544 2610 tantum
555 2561 711 2620 esthonum,
726 2561 795 2609 uide
809 2573 837 2608 eo
851 2558 951 2608 solllciti
968 2558 1108 2608 debeamus
1119 2570 1176 2608 esse.

189 2629 360 2678 lndillerentia
375 2642 432 2691 erga
445 2642 533 2691 pacem
547 2633 572 2678 et
584 2631 728 2678 animorum
738 2631 859 2678 unionem
870 2627 898 2676 tit
908 2630 1006 2676 crimen
1016 2646 1025 2688 3
1037 2627 1134 2690 quanto
1144 2627 1210 2686 mailli

161 2699 257 2747 crimen
271 2701 318 2746 erit
330 2697 399 2746 illam
410 2697 607 2747 dissensionibus
619 2701 750 2760 rumpere!

191 2783 214 2828 l.
228 2781 309 2829 Unum
320 2792 440 2841 corpus...
452 2784 490 2829 tot
508 2780 600 2841 verba,
615 2784 652 2831 tot
667 2782 777 2830 rationes
786 2781 818 2830 ad
832 2783 956 2829 unitatem
970 2780 1140 2830 inducentes:
1154 2776 1208 2840 quui

160 2849 268 2898 diceret:
278 2850 329 2898 lloc
338 2849 447 2910 postulat
458 2850 472 2897 a
484 2850 556 2897 nohis
568 2852 651 2898 unitas
662 2850 795 2909 Ecclesia,
807 2852 880 2909 cujus
892 2849 1007 2897 membra
1020 2858 1206 2900 sumusomnes:

159 2920 244 2966 unitas
256 2918 358 2978 spiritns
368 2956 374 2977 ,
384 2931 460 2978 quem
471 2920 612 2980 recepimus
626 2931 714 2968 omnes
727 2939 734 2968 ε
757 2922 841 2968 unitas
855 2919 968 2967 essentia
979 2918 1090 2979 divine,
1103 2918 1136 2968 ad
1149 2925 1207 2980 quam

158 2985 335 3048 possidendam
351 2987 433 3035 vocati
452 2998 541 3035 sumus
557 2999 663 3035 omnes:
680 2990 765 3036 unitas
784 2988 900 3044 Domini.
918 2988 994 3046 cujus
1010 2999 1105 3036 sumus
1117 2996 1205 3036 omnet=

159 3056 243 3103 unitas
255 3055 310 3103 ssdei
322 3093 328 3115 ,
339 3068 415 3116 quam
431 3068 518 3104 omnes
532 3056 678 3118 profitemur
693 3076 699 3106 ε
718 3060 802 3106 unitas
820 3058 957 3118 Baptismi‚
969 3069 1022 3116 quo
1040 3060 1124 3108 renati
1138 3063 1206 3107 sonui

159 3137 265 3172 omnes:
281 3127 365 3173 unitas
382 3124 522 3184 creatoris,
534 3126 576 3185 qui
596 3136 626 3172 ex
640 3124 727 3173 eodem
748 3123 827 3173 nihilo
843 3137 889 3172 nos
901 3126 999 3174 creavit
1016 3137 1109 3176 omnes
1123 3124 1205 3174 suniat

159 3193 239 3242 Putris
249 3193 370 3254 coelestis,
384 3196 427 3256 qui
440 3195 526 3243 eidem
536 3195 648 3259 potentii
660 3207 706 3244 nos
717 3197 794 3256 regit,
806 3194 893 3244 eidem
902 3195 1066 3256 providentie
1077 3194 1204 3248 conseritis

160 3261 247 3311 eddom
263 3265 394 3324 prasentia
405 3263 492 3324 replet.

192 3336 272 3383 Unum
284 3348 383 3396 corpus.
395 3337 505 3386 Ecclesia
518 3375 525 3397 ,
541 3340 612 3398 cuius
623 3343 698 3400 eaput
708 3339 831 3388 Christus.

191 3409 258 3455 Unus
273 3411 396 3470 spiritns,
412 3412 456 3472 qui
473 3411 609 3460 Ecclesiam
625 3415 706 3472 regit,
720 3415 812 3472 quique
834 3424 878 3472 per
897 3411 997 3472 singula
1018 3413 1098 3475 holus
1115 3408 1202 3475 corpti'll

158 3477 272 3524 membra
286 3478 441 3540 discurrens,
452 3482 531 3530 vitam
543 3485 568 3529 ct
581 3486 678 3531 motum
691 3482 846 3543 spiritualem
862 3481 968 3542 singulis
984 3485 1163 3535 communicat.

188 3551 218 3598 ln
229 3564 280 3599 une
291 3565 333 3613 spe
343 3556 480 3603 vocationis
482 3589 529 3603 .....
545 3555 599 3603 Una
611 3555 716 3604 felicitas
728 3568 805 3617 quarn
823 3568 955 3618 speramus
966 3561 992 3606 et
1008 3558 1042 3606 ad
1055 3571 1132 3620 quam
1142 3553 1201 3621 peel·

158 3619 266 3668 dendam
283 3622 366 3669 uocati
381 3625 444 3672 estis.

190 3694 214 3742 5.
231 3695 298 3742 Unus
309 3695 430 3744 Dominae
440 3713 448 3754 t
459 3696 530 3746 lesus
541 3698 670 3761 Christus,
682 3703 756 3761 cujus
767 3713 855 3750 omnes
865 3680 958 3751 sumus
969 3705 1037 3754 serui
1052 3701 1175 3767 redempti·

190 3768 244 3816 Una
257 3768 319 3828 fides
329 3804 337 3823 ,
348 3766 443 3817 scillcet
458 3770 595 3831 objectiva,
607 3774 693 3823 eadem
709 3776 827 3837 mysteria
843 3775 981 3827 credimus.

191 3841 271 3890 Unum
288 3839 431 3902 baptismo,
452 3842 544 3894 Christi
560 3845 663 3897 scilicet.

188 3924 215 3970 d.
229 3921 295 3970 iliius
307 3919 388 3979 licut,
400 3921 472 3972 nohis
484 3929 556 3974 estet
570 3938 636 3978 unus
647 3929 725 3980 Pater
739 3930 851 3980 omniun
861 3931 988 3986 nostrin.
