2512 4424
153 254 205 306 519
444 252 645 319 EPISTOLAE
665 255 714 307 AD
732 255 923 309 nenhslos

153 423 240 450 nuo·
244 423 386 450 euoenon
390 424 795 453 ”monumemtmonmm
799 424 1207 454 MOOWOOOOOMOW

314 572 571 654 ANALYSIS
599 574 808 655 CAPITIS
837 573 1054 676 QUARTI.

153 822 305 918 Ausonum
318 865 397 928 parte
408 860 582 928 dogmatica,
598 864 696 915 transit
714 863 749 916 ad
768 877 869 916 mores.

187 944 215 1012 i.
225 950 257 1008 t,
269 947 302 1008 Ξ,
316 948 342 997 5.
359 943 494 1010 Ephesios
511 945 674 1009 tenerrime,
687 958 738 1011 per
750 946 858 998 vincula
871 958 933 1012 quae
950 959 1002 1012 pro
1019 943 1121 998 Christi
1131 943 1211 1012 gloria

153 1031 181 1080 et
195 1041 293 1080 eorum
309 1029 395 1080 salute
412 1029 527 1092 tolerat,
540 1027 576 1080 ad
595 1025 679 1080 vitam
697 1027 846 1080 christiana
861 1028 1009 1081 vocatione
1027 1027 1141 1094 dignam
1152 1027 1213 1080 hor-

154 1115 242 1175 tatur,
257 1115 283 1163 et
296 1111 323 1162 in
337 1110 449 1176 primis,
459 1110 495 1163 ad
507 1111 642 1163 unitatem
656 1110 769 1176 spiritus
781 1111 810 1162 in
828 1111 938 1164 vinculo
951 1110 1030 1176 pacis
1042 1109 1211 1163 servandam.

188 1192 216 1260 i.
229 1197 256 1257 l,
270 1196 296 1258 5,
307 1197 334 1246 6.
347 1196 424 1247 lianc
433 1193 547 1259 spiritns
557 1194 692 1246 unitatem
704 1193 813 1258 suadet,
825 1207 857 1246 cx
867 1192 973 1245 unitate
983 1205 1047 1259 quae
1059 1192 1090 1245 in
1103 1197 1160 1245 tota
1169 1205 1212 1244 re-

154 1275 255 1342 ligione
275 1264 424 1328 christiana
442 1281 557 1343 regnat,
575 1292 665 1330 unum
685 1289 801 1342 corpus,
820 1290 893 1328 unus
911 1275 1038 1342 spiritus,
1060 1289 1119 1327 uua
1136 1289 1209 1341 spes,

155 1369 227 1410 unus
238 1359 386 1423 Dominus,
400 1372 488 1410 unum
499 1361 654 1424 baptisma,
667 1373 740 1412 unus
752 1362 826 1412 Deus
841 1364 870 1412 et
884 1362 964 1411 Pater
979 1358 1129 1412 omnium:
1143 1357 1212 1411 idem

155 1453 221 1506 ergo
234 1441 269 1492 sit
282 1441 407 1492 omnium
423 1455 471 1492 cor
483 1447 510 1492 et
522 1441 641 1493 animus.
1209 1485 1216 1494 .

189 1525 223 1574 Et
239 1535 275 1574 ne
285 1523 349 1575 huic
363 1523 462 1574 unitati
474 1524 565 1576 obstet
577 1523 717 1577 donorum
729 1527 862 1589 varietas,
875 1524 948 1577 circa
960 1537 1023 1577 eam
1037 1523 1096 1577 duo
1107 1527 1212 1590 praestat

154 1604 312 1671 Apostolus.
327 1605 436 1669 Primo,
449 1605 548 1658 asserit
563 1605 640 1672 quod
658 1606 774 1661 batnon
789 1622 841 1674 pro
858 1605 958 1659 merito
977 1605 1155 1672 recipientis,
1168 1603 1211 1657 sed

154 1689 368 1753 provoluntate
392 1687 492 1741 dantis.
515 1689 662 1754 Secundo,
686 1703 720 1743 ex
739 1689 860 1754 unitate,
878 1688 913 1741 ad
936 1702 1022 1755 quam
1048 1687 1139 1742 tendit
1158 1687 1210 1740 heo

154 1771 291 1835 varietas,
305 1771 381 1824 aliud
393 1772 477 1841 sumit
495 1771 609 1825 unitatis
623 1778 650 1825 et
662 1772 820 1826 concordiae
836 1777 1041 1839 argumentum.

190 1855 312 1921 Septimo
324 1855 419 1922 itaque
436 1870 517 1909 versu
530 1856 629 1910 asserit
641 1855 718 1923 qudd
730 1854 882 1921 unicuique
896 1854 970 1908 fideli
984 1855 1050 1908 data
1066 1854 1103 1907 sit
1114 1853 1208 1922 grath,

154 1951 211 1990 non
222 1951 274 2004 pro
289 1937 377 2004 ipsius
388 1940 552 1992 meritorum
564 1952 712 2002 mensura,
726 1937 776 1990 sed
787 1951 839 2004 pro
852 1940 993 1990 voluntate
1005 1937 1108 1992 christi
1118 1955 1126 2002 ;
1138 1937 1210 1989 hauc·

155 2033 210 2086 que
219 2021 362 2074 veritatem
372 2021 471 2087 probat
481 2060 489 2085 ,
501 2021 528 2088 i.
540 2025 571 2086 8,
582 2035 616 2074 ex
630 2022 728 2087 psalm.
748 2024 793 2073 67.
806 2020 933 2087 ilicoque
944 2020 1126 2074 occasionem
1137 2018 1209 2072 sunit

154 2108 286 2155 aeternam
299 2104 398 2156 Christi
413 2104 584 2157 divinitatem
596 2111 691 2157 contra
703 2103 850 2156 haereticos
861 2103 1040 2165 insinuandi,
1056 2103 1085 2171 i.
1099 2104 1118 2156 9
1131 2108 1158 2157 et
1171 2104 1207 2154 tc.

189 2187 217 2252 i.
229 2189 275 2239 lt.
291 2186 432 2252 Praecipua
444 2194 588 2239 enumerat
604 2189 675 2240 dona
695 2188 855 2239 hominibus
867 2186 884 2238 a
895 2187 1003 2239 Christo
1021 2186 1104 2251 data,
1120 2186 1208 2237 horum

155 2268 373 2319 ministeriorum
392 2267 476 2321 finem
496 2260 614 2334 indicat,
628 2271 655 2338 ir.
673 2273 722 2332 ta,
739 2273 793 2334 ts,
806 2269 937 2322 nimirum
949 2269 1088 2321 unitatem
1111 2267 1172 2319 fidei
1187 2270 1208 2317 et

155 2349 306 2415 perfectam
318 2351 418 2402 Christi
431 2352 625 2406 formationem
637 2353 666 2405 in
681 2353 803 2406 [idelium
817 2352 959 2406 cordibus

189 2433 217 2500 i.
236 2437 280 2485 ta.
295 2433 400 2486 Claribs
413 2436 529 2502 explicat
547 2436 622 2488 hunc
641 2435 743 2499 finem,
758 2435 862 2489 scilicet
879 2441 981 2488 utnon
993 2434 1085 2487 simus
1098 2432 1205 2501 parvuli,

155 2517 1206 2583 quovisdoetrinaeventolluctuantes,sedutveramfideidoctrinamsectan-

154 2605 208 2663 tes,
219 2604 246 2651 et
254 2600 397 2653 charitatis
405 2615 490 2667 opera
500 2601 643 2665 iacientes,
655 2615 813 2654 crescamus
826 2614 1054 2667 quaquaversum
1063 2600 1093 2652 in
1102 2599 1203 2653 Christo.

189 2683 216 2748 ,ia
227 2685 272 2736 16.
284 2686 342 2736 lloc
361 2684 503 2750 spirituale
515 2685 544 2736 in
557 2685 663 2738 Christo
674 2689 854 2750 augmentum
873 2683 991 2749 explicat
1005 2696 1058 2749 per
1074 2693 1204 2750 compara-

153 2765 259 2818 tionem
271 2765 307 2818 ad
318 2773 498 2833 augmentum
513 2768 639 2834 corporis
655 2766 779 2820 humani.
1250 2768 1252 2811 i

189 2848 216 2912 i.
228 2852 273 2900 tl.
283 2850 403 2901 Rediens
416 2850 451 2901 ad
464 2850 492 2901 id
505 2850 595 2915 quod,
608 2850 636 2917 i.
647 2853 678 2911 l,
690 2850 776 2903 dixit:
791 2849 968 2904 Obsecrocos
980 2855 1014 2906 ut
1026 2853 1113 2924 digne
1125 2852 1203 2910 omitt
1250 2868 1252 2897 l

156 2925 236 2995 letis,
249 2934 312 2996 etc,
332 2931 441 2997 hocque
460 2930 548 2984 lusihs
566 2932 720 2998 explicans,
738 2932 864 2986 hortatur
879 2933 1016 3000 Ephesios
1035 2945 1068 2990 ut
1086 2953 1144 2993 nou
1157 2949 1203 2990 au·
1250 2926 1252 2937 '

154 3011 226 3076 plibs
245 3013 393 3066 Gentilium
411 3016 515 3067 ducant
529 3014 627 3079 vitam,

189 3095 275 3155 Quam
288 3097 376 3162 pingit
388 3099 495 3162 primo,
510 3099 603 3164 quoad
616 3099 739 3164 interna,
754 3100 781 3168 ir.
798 3104 849 3154 18:
867 3101 1045 3155 obtenebrati
1060 3090 1201 3165 intellectu,

155 3179 207 3228 etc.
222 3179 368 3241 Secundo,
385 3181 479 3245 quoad
495 3185 624 3245 externa,
640 3181 666 3248 i.
683 3185 733 3246 19,
751 3196 813 3234 sese
834 3183 1009 3237 tradiderunt
1029 3184 1201 3254 impudicitiae.

190 3259 259 3311 lluic
270 3262 417 3314 Gentilium
436 3264 498 3314 vitae
514 3265 651 3316 contraria
664 3270 706 3316 est
718 3265 866 3317 christiana
877 3267 931 3319 vita
941 3307 948 3329 ‚
959 3268 987 3335 i.
1002 3272 1055 3333 20,
1069 3273 1115 3323 at.

189 3343 266 3394 lianc
275 3343 309 3394 ad
323 3344 378 3397 duo
391 3346 526 3412 principia
545 3347 682 3412 generalia
697 3347 821 3411 reducit,
835 3348 976 3414 deponere
988 3358 1117 3406 veterem
1127 3348 1203 3406 homi·

154 3436 236 3487 nem,
251 3423 277 3490 i.
288 3427 336 3490 22,
350 3427 466 3482 induere
479 3444 596 3492 novum,
610 3429 637 3496 ir.
652 3433 699 3493 25,
714 3433 759 3483 24.

190 3508 221 3557 ln
233 3507 339 3573 reliquo
352 3511 441 3577 eapite
452 3512 511 3565 hoec
522 3513 578 3565 duo
590 3513 727 3579 generalia
739 3514 872 3567 doctrinas
885 3514 986 3568 Christi
998 3517 1092 3585 capita
1104 3516 1203 3586 explicet

154 3589 183 3640 in
195 3589 364 3654 particulari.

188 3673 358 3736 Deponenda
373 3679 437 3724 sunt
448 3674 509 3725 haec
520 3676 619 3727 veteris
631 3676 752 3728 hominis
766 3677 903 3743 membra,
917 3681 1113 3747 mendacium,
1126 3682 1200 3739 fraus,

155 3750 208 3818 ira,
221 3753 325 3806 lurtum
335 3793 342 3816 ,
353 3754 439 3805 libido
450 3794 458 3817 ,
471 3761 523 3807 etc.

188 3836 332 3887 induenda
342 3835 458 3898 veritas,
472 3836 643 3904 benignitas,
654 3841 854 3908 mansuetudo,
869 3843 1079 3913 misericordia,
1094 3844 1200 3904 castitati

154 3913 274 3982 lustitia,
288 3918 450 3983 liberalitas,
467 3923 520 3973 etc.
