2512 4424
342 255 548 314 aristoles
566 259 614 315 ΔΙ)
630 259 826 326 estem,
844 262 899 316 ete·
1099 260 1154 317 tto

89 493 1147 534 ”mmmmmm

279 711 538 797 ANALYSIS
566 713 775 798 CAPITIS
800 716 962 801 PRIMI.

571 968 666 986 ——uu

90 1088 176 1209 Qum
188 1136 419 1206 pseudoapostoli
441 1139 556 1193 Panium
569 1140 706 1208 negabant
725 1140 902 1208 Apostolum,
914 1145 942 1195 et
953 1141 1148 1209 Apostolorum

90 1221 256 1289 discipulum
267 1221 460 1275 tantummodo
479 1223 621 1288 dicebant,
636 1224 701 1278 hinc
713 1224 742 1277 in
754 1225 815 1292 ipsa
826 1224 989 1279 salutatione
1001 1226 1150 1282 auctorita-

90 1310 142 1360 tem
154 1319 250 1370 suam,
262 1312 290 1358 et
301 1305 472 1358 auctoritatis
483 1306 619 1374 originem
639 1308 770 1362 declarat.

119 1414 235 1480 Primis,
257 1419 381 1468 removet
395 1415 532 1482 originem
548 1416 617 1471 laiso
637 1418 818 1484 imputatam,
831 1431 889 1474 non
912 1415 951 1472 cl
966 1415 1149 1483 hominibus,-

89 1497 189 1553 deinde
201 1497 324 1566 assignat
335 1512 446 1564 veram,
457 1499 506 1552 ted
524 1513 574 1567 per
583 1499 683 1555 Iesum
694 1499 851 1556 Christum.

119 1611 155 1663 Iit
176 1613 272 1662 antem
290 1608 382 1661 statim
393 1607 428 1660 ab
440 1608 519 1663 initio
532 1609 603 1664 viam
620 1610 673 1664 sibi
687 1616 766 1677 paret
783 1611 820 1665 ad
835 1617 959 1666 nostram
972 1610 1147 1678 iustillcatio-

88 1705 151 1745 nem
163 1691 193 1744 in
205 1690 306 1745 Christi
316 1691 425 1744 Domini
440 1692 546 1745 meritis
554 1693 759 1758 stabiliendam,
773 1708 830 1747 non
842 1694 870 1746 in
882 1695 1023 1761 legalibus,
1036 1701 1067 1748 ut
1078 1694 1147 1750 salso

89 1775 226 1828 docebant
237 1773 481 1840 pseudoapostoli,
495 1777 610 1843 gratiam
628 1782 655 1830 et
668 1791 764 1843 pacem
779 1777 880 1830 Galatis
892 1775 999 1843 optatd
1020 1777 1079 1831 Deo
1093 1777 1148 1831 Pa·

88 1860 144 1924 tre,
156 1856 249 1911 omnis
261 1856 356 1924 gratiae
367 1855 459 1919 ionte;
472 1861 498 1911 ct
518 1856 537 1911 d
556 1858 679 1913 Domino
696 1862 793 1913 nostro
803 1858 873 1913 Icta
889 1856 1022 1926 Odenato,
1035 1859 1083 1927 qui
1096 1872 1147 1927 per

90 1953 166 1994 suam
185 1947 306 1995 mortem
322 1939 405 1993 nobis
422 1939 536 2008 gratiam
548 1943 710 2008 promeruit.

119 2048 227 2117 llisque
238 2047 319 2116 quasi
332 2047 508 2113 praeambulis
519 2050 549 2102 in
565 2049 703 2116 prooemio
718 2049 817 2116 dictis,

120 2157 148 2228 i.
162 2160 190 2211 e.
205 2157 301 2224 Aperit
320 2157 440 2222 iactum,
454 2157 536 2225 hujus
551 2160 680 2226 Epistolae
694 2160 885 2227 occasionem,
903 2159 1028 2228 illudque
1039 2163 1068 2215 et
1085 2157 1147 2228 eius

92 2239 312 2295 circumstantias
323 2254 387 2294 cum
396 2241 518 2308 quodam
536 2249 649 2309 stupore
659 2250 761 2297 narrat.

120 2350 206 2404 lliror
218 2349 295 2417 quod
308 2348 325 2403 d
338 2350 446 2404 christo
458 2350 629 2416 defeceritis,
640 2358 668 2406 et
684 2353 762 2421 quod
773 2352 916 2408 celerrime
933 2351 1106 2419 defeceritis,
1118 2357 1147 2406 et

92 2433 163 2500 quiid
173 2433 213 2487 ad
224 2432 300 2486 alind
311 2434 487 2501 Evangelium
496 2434 671 2490 detlexeritis.

119 2544 148 2614 γ.
160 2547 189 2598 ¹1.
215 2542 401 2610 semetipsum
417 2543 559 2611 corrigens
579 2545 677 2598 asserit
701 2544 779 2612 qubd
798 2558 856 2598 non
880 2545 915 2598 sit
928 2543 1003 2598 aliud
1020 2547 1146 2611 Evange-

91 2623 168 2694 lium;
178 2641 269 2681 unum
282 2627 474 2680 tantummodo
486 2633 528 2682 est
538 2667 546 2694 ,
555 2627 655 2682 Christi
667 2628 771 2682 scilicet
785 2628 982 2696 Evangelium,
996 2627 1072 2695 quod
1084 2626 1147 2680 sub-

93 2716 197 2766 tertunt
216 2709 453 2778 pseudoapostoli.

118 2820 146 2890 γ.
161 2822 189 2874 8.
202 2821 268 2874 zelo
280 2834 430 2874 succensus
441 2820 470 2872 in
482 2820 550 2874 tales
559 2819 696 2888 Evangelii
709 2818 997 2881 subversores,semel
1008 2816 1145 2870 etiterum

88 2903 234 2958 melheim
249 2903 317 2957 dicit
327 2902 459 2956 omnibus
470 2904 684 2972 quibuscunque
695 2902 771 2956 aliud
784 2900 963 2966 docentibus,
973 2899 1057 2967 quam
1069 2898 1146 2967 qued

87 2996 135 3041 uos
145 2985 328 3060 ipse-docuit.

118 3095 147 3166 i.
161 3100 209 3151 to.
224 3094 454 3149 animadvertens
470 3093 547 3161 quod
558 3094 618 3148 haee
629 3092 879 3149 excommunicatio
892 3087 1027 3158 superbos
1038 3092 1100 3145 illos
1110 3091 1146 3145 sit

84 3178 225 3232 offensura
242 3177 424 3245 magistellos,
438 3177 616 3244 semetipsum
634 3178 825 3244 interrogans,
840 3175 939 3242 quaerit
958 3188 992 3226 an
1006 3175 1080 3240 apud
1091 3174 1146 3228 ho·

82 3263 192 3325 mines,
210 3275 246 3313 an
262 3260 337 3326 apud
357 3262 445 3312 Deam
464 3273 577 3313 cansam
595 3260 690 3313 dicat?
709 3263 781 3312 Num
800 3258 923 3310 studium
935 3270 1030 3310 meum
1041 3262 1098 3324 est,
1115 3262 1146 3311 ut

83 3336 247 3397 hominibus
258 3342 404 3410 placeam?
414 3354 451 3394 an
468 3340 561 3408 potins
573 3328 607 3394 nt'
614 3342 738 3408 placeam
752 3339 833 3394 Deo?

119 3453 225 3507 beinde
237 3451 350 3505 sibimet
361 3449 549 3517 respondens,
559 3451 626 3504 dicit
636 3468 644 3504 z
655 3452 684 3503 Si
696 3448 856 3502 hominibus
866 3448 976 3515 placere
986 3447 1145 3514 nolensem,

83 3535 175 3590 adhuc
195 3535 329 3590 dtudaeis
340 3540 459 3598 starem,
473 3540 501 3588 ct
512 3534 678 3587 christianus
692 3547 748 3586 non
763 3545 863 3584 essem.

122 3647 194 3701 Ferit
211 3660 246 3700 ex
258 3644 374 3711 obliquo
394 3643 583 3710 adversarios,
597 3642 699 3710 quibus
710 3641 833 3695 studium
849 3644 907 3694 erat
920 3644 952 3693 nt
963 3636 1066 3694 Judaeis
1084 3636 1146 3704 pla-

85 3734 190 3783 cerent.

124 3839 180 3907 li.
196 3843 242 3892 tt.
253 3849 345 3903 usque
362 3835 398 3887 ad
413 3835 511 3901 capitis
528 3834 613 3887 finem
623 3872 631 3898 ,
641 3838 672 3885 ut
683 3831 783 3885 reiutet
793 3826 1088 3897 pseudoapostolorum
1099 3833 1145 3872 ca-

88 3911 235 3988 lumniam,
249 3917 402 3973 dicentium
415 3918 493 3986 quod
513 3917 614 3971 Paulus
630 3928 688 3969 nou
707 3919 780 3970 essct
792 3913 941 3982 Apostolus
962 3901 1078 3967 Christi,
1095 3900 1146 3953 scd
