2512 4424
314 270 486 326 antenna
505 273 725 328 utroslato.
743 272 825 327 GAP.
844 274 881 327 X·
1071 269 1121 323 iol

71 454 1127 502 mmssmssssssmsssswssfflflssaem

240 645 499 735 ANALYSIS
527 646 735 729 CAPITIS
762 648 963 729 DECIMI.

543 863 646 873 .-ι--

66 958 103 1056 In
116 1002 175 1057 boc
190 1007 219 1056 et
230 1000 342 1054 dnobus
363 1002 543 1070 sequentibus
562 1000 700 1068 capitibus
717 1013 797 1053 suam
811 999 953 1067 propriam
972 1003 1127 1071 apologiam

64 1086 132 1139 texit
144 1085 295 1152 Apostolus
307 1089 404 1137 contra
416 1085 684 1152 pseudoapostolos,
698 1089 726 1137 et
738 1084 875 1150 quosdam
888 1084 922 1137 ab
934 1085 974 1137 eis
984 1085 1125 1152 deceptos,

65 1169 112 1238 qui
134 1168 174 1222 ob
186 1167 312 1234 priorem
332 1168 477 1234 epistolam
495 1167 612 1232 irritati,
634 1168 750 1219 Paulum
770 1166 912 1231 (licebant,
928 1167 958 1220 in
981 1171 1127 1235 praesentia

65 1250 194 1304 timidum
207 1255 235 1302 et
247 1248 399 1314 humilem,
413 1250 442 1301 in
456 1250 580 1303 absentia
594 1250 660 1303 verb
672 1250 807 1303 audacem
818 1254 845 1302 et
856 1264 906 1316 per
917 1251 1021 1304 litteras
1033 1251 1127 1307 tulmi-

65 1339 199 1398 nantem;
212 1331 335 1400 hincque
350 1332 533 1385 traducebant
555 1345 621 1385 eum
641 1340 672 1385 ut
688 1332 831 1385 hominem
853 1346 955 1385 vanum
967 1374 974 1395 ,
988 1336 1127 1389 carnalem

66 1429 114 1470 seu
125 1416 156 1469 in
168 1415 313 1483 Evangelii
323 1415 496 1480 ministerio,
509 1415 619 1482 astutia,
630 1414 821 1480 simulatione,
831 1414 948 1483 aliisque
958 1417 1057 1471 mediis
1068 1433 1129 1473 car-

66 1500 175 1553 nalibus
189 1503 325 1552 utentem.

98 1582 195 1636 Primo
206 1581 301 1648 itaque
314 1586 342 1633 et
353 1580 478 1634 moundo
495 1595 577 1634 rersu
588 1581 781 1635 auctoritatem
801 1582 980 1647 apostolicam
994 1598 1057 1637 cnm
1076 1586 1130 1639 bn-

67 1665 182 1719 militate
194 1663 345 1718 christiana
355 1664 556 1729 commiscens,
567 1664 694 1718 obsecrat
705 1679 755 1732 per
766 1665 866 1719 Christi
876 1669 1127 1735 mansuetudinem,

68 1761 101 1803 ne
112 1751 217 1816 cogant
229 1746 322 1814 ipsum
335 1746 385 1799 sud
395 1747 424 1798 in
437 1760 487 1800 eos
499 1748 663 1801 auctoritate
684 1749 735 1802 uti.

99 1830 129 1899 ᾖ.
140 1833 168 1884 ὅ.
189 1832 222 1883 In
243 1842 328 1883 carne
340 1829 408 1882 vivit
425 1829 554 1896 quidem,
568 1831 618 1884 sed
636 1845 692 1884 non
707 1829 860 1884 secundirm
871 1844 984 1885 carnem
1003 1834 1101 1888 militat
1121 1854 1128 1888 :

69 1925 143 1966 arma
154 1912 261 1981 quippe
273 1911 334 1979 eius
346 1912 509 1979 spiritualia,
521 1926 611 1979 eaque
629 1914 678 1966 Dei
689 1914 789 1967 virtute
800 1914 1010 1980 potentissima,
1025 1923 1083 1968 tum
1094 1917 1131 1970 ad

70 2007 165 2049 ornnes
177 2008 367 2062 quoscunque
377 1995 530 2048 infidelium
543 1996 699 2048 intellectus
711 1995 890 2048 debellandos
910 2003 937 2049 ct
949 1998 1132 2062 captivandos

73 2077 99 2130 in
113 2077 284 2146 obsequium
304 2076 422 2141 Christi,
436 2082 497 2130 tum
519 2078 556 2130 ad
576 2091 688 2130 omnem
703 2078 826 2131 fidelium
845 2078 1062 2132 inobedientiam
1075 2095 1130 2148 pu—

71 2160 211 2214 niendam.
470 2168 476 2177 '

100 2244 157 2297 llio
170 2242 331 2310 apostolica
349 2241 486 2309 puniendi
506 2241 670 2296 auctoritate
682 2255 713 2296 se
734 2240 847 2295 tandem
857 2254 975 2296 usurum
991 2243 1131 2311 minatur,

73 2325 96 2392 i.
113 2329 140 2379 6.

102 2408 219 2462 Interim
229 2408 259 2477 i.
275 2411 302 2462 i.
316 2408 465 2462 Corinthiis
477 2420 536 2461 suaa
551 2407 639 2472 ipsius
661 2420 752 2462 causae
767 2406 906 2473 jndicium
916 2409 1083 2463 committit:
1098 2425 1131 2464 ex

10 2526 13 2571 ι
74 2489 146 2543 iactis
166 2503 235 2559 ergo
247 2490 431 2563 evidentibus,
444 2495 472 2543 et
492 2491 567 2542 notis
576 2489 702 2556 iudicent
714 2528 722 2553 ,
735 2502 771 2541 an
787 2489 839 2542 sibi
849 2490 934 2543 Paulo
946 2491 1069 2556 praeferri
1081 2493 1132 2546 de-

10 2574 13 2597 *
75 2571 151 2627 beant
165 2573 417 2641 pseudoapostoli:
430 2573 455 2626 si
475 2573 550 2625 enim
570 2572 609 2624 illi
626 2572 726 2625 christi
743 2571 861 2626 ministri
876 2578 955 2638 sunt,
968 2579 1044 2639 patet
1056 2575 1133 2641 qubd

75 2661 99 2709 et
109 2671 179 2725 ego,
194 2657 225 2709 in
237 2655 291 2710 hoo
308 2671 376 2724 ergo
390 2657 487 2710 saltem
500 2669 551 2723 par
563 2669 625 2707 sum
638 2654 700 2708 illis.

104 2740 229 2793 llodeste
238 2740 387 2806 supprimit
400 2739 427 2808 i.
439 2742 466 2804 8,
479 2738 552 2791 iacta
569 2737 718 2791 corinthiis
737 2743 818 2802 nota,
829 2737 932 2803 quibus
943 2751 1021 2790 suam
1038 2746 1133 2804 posset

77 2824 202 2877 extollere
220 2828 404 2889 potestatem,
418 2835 454 2874 ne
473 2821 548 2873 illam
568 2826 727 2885 ostentans,
738 2820 863 2872 videatur
874 2820 943 2873 velle
960 2826 1066 2874 metum
1083 2836 1134 2896 per

78 2905 203 2971 epistolas
215 2906 341 2958 incutere
356 2922 363 2953 ε
383 2905 461 2966 aiunt
473 2905 565 2969 enim,
586 2903 695 2970 inquit,
714 2902 789 2973 qood
803 2900 929 2970 epistota
943 2915 1012 2957 meta
1031 2915 1133 2972 graves

78 2986 129 3042 sint
145 2993 171 3043 et
192 2985 297 3058 fortem·
306 2984 460 3055 praesentio
473 2986 539 3039 oerd
555 2985 670 3058 infirmo
684 2991 709 3041 et
730 2983 957 3053 contemptibilis.

109 3070 134 3139 i.
147 3075 193 3125 tr.
207 3073 243 3124 nt
254 3070 331 3136 ipsos
343 3071 415 3123 scire
427 3070 506 3134 volo,
520 3068 597 3136 qubd
610 3069 700 3136 qualis
721 3083 784 3122 sum
802 3068 903 3121 absens
919 3069 1003 3122 verbo
1013 3107 1021 3134 ‚
1033 3069 1095 3123 talis
1106 3077 1133 3125 et

81 3150 143 3207 iacto
155 3167 281 3221 praesens
295 3167 355 3206 ero.

111 3235 135 3302 i.
145 3240 180 3290 tn
193 3243 222 3291 et
236 3222 434 3304 sequentibus,
448 3235 489 3288 sic
501 3249 531 3288 se
539 3235 690 3302 justificat,
702 3241 733 3288 ut
754 3234 859 3300 ubique
871 3240 945 3289 taret
956 3237 1135 3305 pseudoapo-

87 3319 207 3374 stolomm
228 3321 396 3384 vanitatem,
418 3317 473 3385 qua
490 3319 654 3385 semetipsos
673 3318 733 3378 aliis
751 3315 919 3383 praelerunt3
939 3319 995 3384 qua
1015 3334 1045 3372 se
1064 3321 1136 3376 ialsd
1216 3309 1218 3315 ’

19 3400 23 3419 “
86 3395 191 3468 iactant,
206 3404 288 3470 quasi
311 3407 402 3455 totum
415 3405 551 3453 terrarum
567 3401 663 3453 orbem
675 3399 852 3465 praedicando
864 3403 1069 3468 percurrerint;
1080 3405 1136 3472 qud

90 3478 236 3539 deatiorum
254 3483 396 3538 laboribus
408 3484 569 3550 gloriantur.
1053 3480 1060 3490 ’

115 3565 220 3634 Paulus,
235 3569 377 3630 econtra,
391 3579 443 3618 suo
456 3579 486 3618 se
498 3567 571 3632 pede
583 3565 720 3629 metiens,
732 3579 789 3618 non
807 3565 890 3617 audet
902 3578 933 3618 sc
945 3566 1045 3620 talibus
1057 3581 1136 3622 oom-

91 3651 186 3716 tauro,
198 3665 258 3703 non
268 3648 357 3715 iactat
377 3661 408 3700 se
428 3661 513 3714 super
530 3648 560 3700 id
575 3647 652 3714 quod
670 3653 725 3711 est,
739 3652 767 3700 et
786 3645 850 3699 iecit
864 3663 871 3699 τ
884 3648 981 3700 revera
996 3655 1090 3703 autem
1109 3657 1136 3704 et

93 3721 189 3788 deiecto
210 3731 363 3788 Corinthiis
381 3726 559 3798 Evangeliurn
576 3731 683 3797 primus
694 3726 868 3797 praedicavit,
882 3730 918 3782 de
938 3744 1005 3795 suo,
1022 3745 1079 3785 non
1100 3733 1136 3785 de

93 3804 163 3868 tlisno
172 3817 272 3871 labore
284 3811 435 3882 gloriatur,
450 3812 507 3868 imo
520 3817 548 3866 in
561 3815 618 3866 Deo
631 3813 689 3867 solo
704 3811 876 3881 gloriandum
886 3825 948 3866 esse
959 3812 1012 3866 scit
1022 3816 1050 3865 et
1064 3824 1137 3878 prae-

93 3882 147 3928 dicor
