2512 4424
363 285 533 340 antenna
551 286 776 343 oxeostrto.
795 287 876 342 GAP.
895 286 929 342 V.
1102 286 1158 336 δῶ

97 495 1152 529 ωοοκοοκκκκκοοκκοοοοκοοκκκωοοοοκκοοοοκκιωοΜΜ

268 708 527 792 ananius
555 676 991 809 cannisoulnn.

95 1061 265 1154 Hoarlrun
277 1097 427 1165 Ephesios,
444 1101 476 1151 ut
491 1095 540 1150 bei
557 1097 730 1164 exemplum,
744 1094 779 1149 de
797 1108 854 1162 quo
865 1092 893 1163 i.
907 1096 958 1159 51,
971 1106 1033 1161 cap.
1046 1097 1078 1159 t,
1094 1100 1159 1149 lan-

94 1193 180 1246 qnam
194 1178 243 1232 tilii
260 1180 323 1245 bei,
342 1180 501 1245 imitentur,
516 1186 543 1233 et
559 1193 621 1234 sese
638 1179 737 1234 mutub
755 1178 881 1246 diligant,
896 1177 968 1231 siout
981 1178 1106 1232 Christus
1120 1178 1160 1232 dl·

92 1262 160 1315 laxit
177 1277 248 1328 nos,
267 1262 294 1329 i.
305 1266 334 1325 1,
351 1265 378 1316 1.

127 1347 163 1398 Ut
175 1345 309 1398 horreant
321 1359 432 1399 omnem
448 1360 564 1413 prorsus
582 1345 786 1400 immunditiam
803 1350 831 1398 et
844 1344 1002 1408 avaritiam,
1017 1357 1080 1413 quae
1096 1358 1160 1399 oer-

93 1429 208 1482 tissime
220 1427 236 1481 d
248 1428 297 1480 Dei
310 1442 396 1495 regno
414 1444 481 1483 suos
500 1436 650 1484 sectatores
666 1429 829 1492 excludunt,
843 1428 870 1495 i.
883 1432 914 1492 b,
929 1431 960 1492 t,
974 1431 1000 1484 5.

128 1514 165 1565 llt
177 1512 253 1564 circa
265 1511 325 1565 hacc
337 1512 401 1565 vitia
413 1518 528 1566 careant
540 1512 557 1566 d
569 1512 649 1565 vanis
661 1511 845 1580 quorumdam
862 1511 1011 1577 doctrinis,
1025 1511 1052 1578 i.
1067 1513 1095 1565 6.
1105 1513 1160 1565 lieo

91 1609 195 1649 eorum
208 1594 263 1647 sint
275 1595 344 1647 socii
354 1595 517 1656 criminum,
536 1610 571 1648 ne
587 1596 643 1648 sint
654 1601 682 1649 et
700 1596 849 1662 participes
863 1594 1062 1661 suppliciorum
1072 1634 1080 1660 ,
1090 1595 1118 1662 i.
1132 1597 1158 1647 t.

128 1677 206 1741 Sed,
223 1682 254 1730 ut
272 1677 320 1730 filii
340 1679 424 1740 lucis,
438 1678 540 1731 iaciant
555 1690 640 1744 opera
655 1678 739 1741 lucis,
754 1678 783 1730 in
800 1678 877 1730 omni
894 1677 1033 1741 bonitate,
1053 1682 1081 1730 et
1097 1675 1161 1743 jus·

90 1761 175 1828 titia,
189 1766 218 1814 ct
233 1760 364 1826 veritate,
376 1761 403 1828 i.
415 1765 441 1824 8,
454 1764 483 1823 9,
497 1765 524 1813 et
536 1760 585 1812 bei
596 1760 767 1813 voluntalem
779 1759 896 1812 sollicite
909 1758 1010 1812 iaciant
1020 1799 1028 1823 ,
1039 1759 1065 1827 i.
1078 1763 1123 1813 10.

128 1844 272 1911 Operibus
285 1847 350 1898 rerd
364 1845 538 1897 tenebrarum
559 1857 615 1895 non
633 1840 740 1895 tantum
757 1856 813 1895 non
827 1842 1050 1905 communicent,
1066 1841 1093 1908 i.
1109 1846 1159 1906 113

92 1927 187 1981 sedet
207 1941 239 1979 ea
255 1927 442 1980 condemnent
461 1939 577 1992 operum
593 1939 707 1978 suorum
721 1924 839 1989 lumine,
857 1924 885 1992 ir.
902 1927 953 1989 11,
967 1924 1033 1992 quia
1048 1923 1162 1977 luminis

91 2017 136 2064 est
148 2010 345 2074 manifestare,
362 2010 387 2078 i.
405 2013 450 2063 15.
681 2017 684 2023 ’

127 2093 224 2160 215.
246 2095 338 2146 lionel
355 2099 385 2146 ut
405 2093 485 2146 cauto
505 2098 532 2146 et
554 2091 693 2159 sapienter
712 2090 869 2156 ambulent,
892 2105 941 2144 seu
962 2090 1163 2158 circumspecte

90 2182 314 2240 conversentur,
330 2177 449 2229 uroximi.
463 2191 527 2229 cum
546 2176 718 2240 infidelibus;
739 2181 862 2241 tempora
880 2173 1057 2227 considerent
1076 2179 1104 2227 et
1115 2179 1162 2227 at-

92 2261 175 2313 lente
187 2260 337 2324 explorent
353 2260 421 2326 quid
435 2263 507 2312 lleus
523 2259 588 2312 velit
604 2258 639 2311 ab
655 2258 711 2323 eis,
726 2257 753 2328 i.
768 2261 818 2323 16,
836 2261 881 2310 17.

127 2341 157 2408 ᾗ.
167 2344 216 2395 18.
228 2343 269 2394 No
280 2342 358 2406 vino,
369 2342 485 2394 luxuriae
494 2342 590 2404 causa,
599 2342 774 2408 repleantur;
785 2341 835 2395 sed
846 2340 949 2408 Spiritu
962 2348 1071 2406 sancto,
1083 2355 1163 2395 sano·

91 2424 259 2478 tilicationis
272 2425 427 2492 principio;
442 2425 470 2476 in
486 2424 597 2492 hocque
615 2425 717 2492 Spiritu
734 2425 863 2490 psallant,
876 2425 1020 2488 laetentur,
1033 2430 1160 2488 cantent,

88 2511 151 2562 Deo
162 2509 268 2577 gratias
281 2513 379 2576 agant,
392 2507 501 2574 sibique
519 2507 636 2561 invicem
651 2507 787 2571 serviant,
802 2507 839 2559 ob
851 2507 1034 2561 reverentiam
1045 2505 1160 2570 christi,

89 2595 146 2654 19,
160 2594 214 2655 20,
229 2593 277 2644 21.

127 2675 279 2740 Denique,
295 2673 470 2726 descendens
488 2675 523 2726 ad
543 2674 697 2740 singulares
715 2677 817 2735 status,
837 2684 870 2724 ac
889 2670 981 2736 primd
1000 2668 1163 2738 conjugatos

92 2756 237 2810 instruere
250 2756 365 2819 rolens,
379 2756 406 2807 in
417 2757 524 2822 reliquo
539 2758 629 2823 capite
641 2757 723 2808 docet
737 2754 945 2808 matrimonium
959 2765 1089 2820 magnum
1102 2766 1163 2806 esso

91 2843 326 2901 sacramentum,
341 2838 405 2905 quia
421 2839 529 2906 signum
547 2845 588 2891 est
607 2842 809 2914 repraesentans
827 2836 960 2890 unionem
977 2834 1075 2889 Christi
1099 2848 1162 2889 cum

91 2921 230 2974 Ecclesia.

128 3005 264 3070 llincque
286 3003 344 3055 vult
369 3008 399 3055 ut
422 3016 523 3055 uxores
545 2976 600 3055 sr'nt
625 3003 691 3056 viris
714 3001 773 3056 suis
795 3001 929 3061 subditae,
951 3000 1023 3053 sicut
1043 3000 1163 3054 Ecclesia

92 3087 222 3152 Christo,
237 3091 267 3139 et
279 3091 311 3139 ut
327 3084 377 3138 riri
397 3099 462 3138 suas
476 3099 578 3138 uxores
595 3085 720 3154 diligant,
741 3085 812 3138 sicin
829 3081 954 3138 christus
968 3083 1127 3139 Ecclesiam.
