2512 4424
162 243 216 296 500
455 242 658 298 EPISTOLAE
679 242 725 296 Αῐ)
743 241 938 296 EPHESIOS

163 432 1208 486 munmmumnmmumummmmu

337 647 596 732 insulsis
625 592 832 729 cxnxrxs
861 604 1058 728 rnn'russ

643 878 751 890 nnn—n—

163 979 303 1076 Osrausx
312 1015 342 1068 in
354 1004 491 1082 superiori
502 1013 592 1080 capite
603 1012 690 1081 gratid
699 1011 839 1079 Ephesiis,
850 1012 946 1066 suiad
957 998 1099 1067 Christum
1108 1027 1213 1068 conver
1237 1079 1241 1087 Δ

164 1100 258 1165 s'ione,
278 1096 410 1152 diviniths
423 1097 539 1162 collati,
746 1168 748 1172 Ι

198 1188 231 1236 ln
247 1182 330 1249 hujus
346 1182 445 1249 capitis
457 1181 484 1250 y.
496 1186 512 1232 t
524 1220 532 1244 ,
545 1181 647 1233 Paulus
662 1194 706 1244 sc,
721 1186 751 1232 ut
767 1178 840 1232 hanc
856 1179 897 1233 eis
909 1186 1075 1246 procuraret
1093 1181 1212 1248 gratiam,

163 1266 260 1319 caleni
271 1265 395 1318 vinctum
407 1277 468 1316 esse
482 1262 549 1316 dicit
562 1279 569 1317 z
582 1262 704 1330 hincque
716 1262 800 1316 sumit
813 1263 989 1316 occasionem
1000 1262 1054 1315 illis
1068 1263 1213 1330 exponendi

163 1347 306 1416 quomodo
319 1346 411 1399 divini
425 1345 633 1412 dispensatione
650 1344 739 1399 iaetus
755 1345 791 1397 sit
804 1345 933 1399 Gentium
944 1347 1107 1412 Apostolus,
1120 1347 1147 1415 j.
1158 1349 1183 1399 a.

197 1429 320 1484 Primixm
332 1443 411 1496 crgo,
422 1429 449 1497 y.
458 1432 475 1481 3
485 1467 492 1492 ,
503 1429 616 1494 exponit
627 1429 667 1481 eis
680 1428 757 1496 quod
767 1429 820 1483 sibi
831 1443 881 1496 per
893 1428 1016 1480 divinam
1028 1430 1214 1483 revelationem

163 1513 284 1567 innotuit
295 1511 458 1579 mysterium
473 1509 508 1562 de
520 1523 577 1576 quo
586 1508 645 1576 jam
657 1522 757 1578 pauco,
770 1512 932 1580 mysterium
947 1509 1086 1564 hactenus
1096 1512 1213 1579 incogni-

164 1603 238 1659 tum,
249 1594 276 1662 y.
286 1596 317 1658 5,
330 1593 435 1646 scilicet
444 1593 598 1645 vocationis
609 1594 752 1657 Gentium,
763 1600 794 1648 ut
804 1595 930 1647 sintcum
941 1593 1048 1648 rudeis
1056 1592 1211 1658 coheredes,

164 1673 374 1745 concorporales
389 1679 414 1728 ει
426 1673 653 1743 comparticipes,
666 1681 715 1730 etc.
731 1678 758 1745 y.
775 1681 802 1731 6.

186 1751 321 1824 Deinde,
336 1759 362 1827 y.
382 1761 417 1823 ¹1,
432 1759 544 1824 exponit
561 1759 639 1826 quod
654 1758 737 1826 hujus
754 1759 878 1828 mysterii
891 1759 982 1812 iactus
1002 1757 1039 1812 sit
1056 1759 1179 1812 minister
1191 1762 1212 1810 et

163 1855 274 1912 praeco,
288 1856 345 1895 non
358 1841 417 1894 suis
432 1841 553 1906 meritis,
569 1842 619 1894 sed
630 1843 707 1894 mend
720 1843 768 1896 ilci
783 1843 878 1910 gratia.

200 1928 226 1994 i.
240 1929 267 1980 8.
281 1925 359 1990 liihi,
373 1924 480 1991 inquit,
494 1924 619 1978 omnium
639 1924 770 1990 minimo,
784 1926 848 1979 duta
863 1930 905 1978 εει
919 1926 1008 1991 gratia
1024 1925 1160 1979 Gentibus
1169 1937 1212 1976 on-

163 2009 309 2063 nuniiandi
321 2008 615 2074 incomprehensibiles
625 2008 724 2060 Christi
740 2008 867 2073 divitias,
882 2013 909 2061 et
925 2009 1058 2061 omnibus
1068 2007 1211 2075 exponendi

164 2084 367 2145 sacramentum
375 2091 411 2142 ab
423 2096 527 2143 aeterno
540 2087 731 2143 absconditum
743 2090 770 2141 in
779 2094 850 2156 ileo,
862 2091 890 2159 y.
902 2094 933 2154 9,
945 2096 973 2144 ει
987 2092 1057 2157 ipsis
1070 2092 1153 2145 etiam
1163 2090 1211 2156 pri·

164 2174 259 2225 mariis
279 2172 383 2239 angelis
401 2186 459 2224 non
478 2171 551 2224 benc
571 2177 684 2236 notum,
698 2172 725 2239 y.
742 2176 787 2225 40.
807 2174 942 2241 Nimirum
961 2174 1041 2240 qudd
1059 2189 1110 2240 per
1131 2177 1211 2228 lesum

165 2255 318 2318 Christum,
336 2254 519 2306 mediatorem
533 2260 677 2318 nostrum,
694 2268 746 2307 nos
761 2270 858 2308 omncs
872 2255 961 2309 tudaei
974 2261 1002 2310 et
1015 2258 1138 2311 Gentiles
1150 2256 1210 2309 iidu·

165 2338 237 2390 ciam
249 2336 415 2388 haberemus
425 2338 460 2388 ad
470 2340 571 2401 Deum,
586 2338 666 2403 quusi
676 2337 724 2389 iiiii
736 2338 771 2390 ad
786 2341 907 2398 Patrem,
922 2338 1089 2403 accedendi,
1100 2341 1128 2408 y.
1143 2343 1183 2392 m.

201 2419 227 2485 y.
241 2422 285 2470 45.
301 2421 416 2483 Propter
437 2418 513 2484 quod
532 2424 559 2472 et
572 2421 636 2485 quio
654 2419 714 2472 hrcc
730 2425 771 2472 est
788 2426 880 2473 vestra
899 2421 1037 2487 dignitas,
1052 2429 1079 2475 ει
1091 2422 1156 2488 quia
1168 2421 1209 2471 hoc

166 2507 207 2554 est
218 2501 403 2553 ministerium
421 2516 532 2575 meum,
547 2516 615 2568 rogo
630 2517 680 2555 vos
694 2517 730 2555 nc
742 2504 846 2556 cadatis
858 2504 950 2556 animo
965 2505 1003 2556 ob
1021 2505 1178 2559 aillictiones
1189 2507 1210 2554 et

166 2585 273 2637 vincula
293 2597 355 2650 quae
374 2584 456 2636 vestri
469 2585 551 2636 coust
566 2585 673 2650 potior,
688 2591 715 2638 ei
733 2600 795 2652 quse
815 2591 879 2638 sunt
899 2601 961 2639 mea
978 2593 1005 2640 et
1024 2596 1116 2642 vestra
1128 2588 1206 2656 gloria.

199 2667 268 2729 Quia
279 2671 373 2718 autern
385 2667 492 2719 infirma
505 2673 546 2719 est
559 2668 649 2720 omnis
662 2668 782 2721 humana
793 2671 934 2733 voluntas,
949 2672 1064 2734 Paulus,
1078 2673 1105 2739 y.
1120 2676 1161 2723 lt.
1173 2683 1208 2736 ge·

165 2749 292 2802 nuilexus
313 2754 340 2801 et
356 2752 470 2816 supplex
486 2753 575 2803 Deum
595 2756 672 2813 orat,
691 2757 722 2803 ut
745 2752 879 2816 Ephesios
895 2753 972 2805 intus
993 2754 1098 2819 Spiritu
1128 2756 1206 2806 sancto

154 2833 346 2896 corroboret,
360 2832 386 2900 y.
400 2835 449 2896 163
463 2833 492 2883 in
505 2846 603 2885 eorum
615 2832 746 2886 cordibus
757 2834 785 2885 in
800 2832 932 2888 charitate
945 2836 1089 2901 radicatis,
1101 2837 1206 2890 Christus

166 2914 317 2979 inhabitet,
331 2914 358 2983 il.
371 2918 416 2966 t'l.

199 2999 275 3063 Orat,
296 2995 322 3065 i.
341 3000 392 3059 18,
405 3004 436 3050 ut
458 2997 557 3049 divinoe
578 2996 719 3049 eharitatis
738 2998 926 3053 dimensiones
944 3001 1112 3070 intelligant,
1127 3008 1152 3055 ει
1168 3010 1204 3066 put

165 3082 262 3135 merito
275 3082 411 3134 aestiment
423 3081 729 3147 incomprehensibilem
739 3083 768 3133 in
780 3097 833 3135 nos
843 3083 941 3138 Christi
953 3087 1125 3151 charitatem,
1139 3086 1162 3153 ι,
1170 3082 1201 3138 ll,

165 3161 262 3227 idque,
276 3170 305 3215 ut
317 3168 373 3215 Deo
385 3165 465 3228 plene
483 3164 649 3229 repleantur,

201 3244 250 3294 Cui
266 3249 322 3296 heo
341 3254 443 3297 aeterna
460 3249 494 3296 sit
511 3247 597 3311 gloria
616 3247 644 3298 in
664 3247 797 3305 Ecclesia.
815 3248 898 3301 tantis
914 3249 950 3302 ah
966 3264 1001 3304 co
1021 3266 1072 3318 per
1086 3251 1201 3306 christun

168 3322 263 3377 aflectu
274 3326 433 3393 beneficiis,
451 3329 478 3396 y.
491 3329 540 3393 20,
550 3330 595 3383 ii.
