2512 4424
159 230 211 284 2⁰8
450 233 653 286 Epistola
671 232 720 284 lu
738 232 930 287 seussios

190 325 219 374 ln
232 337 282 386 nno
297 328 322 375 et
339 337 415 388 super
434 338 509 387 quern
522 326 632 388 lapidem
647 324 753 387 angula·
810 331 855 381 Et.
864 331 895 381 ln
904 343 962 394 quo
971 329 1064 381 omnis
1071 327 1212 381 aedificatio

159 403 215 440 rem
227 391 356 441 Christum
377 397 429 441 iota
447 393 564 453 Ecclesia
578 393 671 442 iahrica
682 405 754 442 com·
776 404 1212 470 construcfflcffflciiiniemplum

159 462 250 520 pacta,
266 463 454 522 compaginata,
473 465 499 509 et
514 465 700 522 coagmentata,
711 474 753 509 as·
776 485 902 532 sanctum
913 479 944 530 i„
954 479 1074 533 pomino

159 528 241 588 surgit
258 529 286 576 ln
308 529 431 591 templum
448 529 499 578 lieo
516 534 691 580 consecratum
709 542 753 592 per
1079 518 1088 544 '
1201 568 1218 601 ,

159 595 273 654 ejusdem
283 594 384 647 llomint
396 598 453 647 teau
465 598 556 648 Christi
568 601 692 660 gratiam

189 663 218 712 ln
228 675 279 725 quo
290 668 315 714 et
326 677 401 726 super
415 678 492 726 quem
502 678 546 714 ros
557 668 687 727 ipsl,cum
697 664 753 714 aliis
810 669 854 718 22.
869 668 900 717 ln
913 679 969 731 quo
989 672 1017 718 et
1030 680 1081 718 nos
1092 665 1214 718 coaedill·

159 730 315 791 Christianis.
323 733 372 782 1100
385 734 518 796 tempium,
526 740 648 795 anquam
661 741 752 798 panes,
776 743 1212 796 caminiinhaouacuiumueiin

159 804 322 862 componitis,
334 807 363 851 ut
371 802 448 852 altius
458 805 659 866 assurgatcttlnt
667 807 754 866 ingens
777 823 890 889 Spiritu,

157 865 386 918 llel'habitaculum
397 907 405 930 ,
416 870 491 931 idque
502 885 546 934 per
562 872 684 935 Spiritum
694 886 754 922 sau-

158 939 246 996 cium,
262 939 306 999 qul
322 940 368 987 sua
382 940 475 1000 gratia,
491 942 563 1002 quasi
581 941 693 1002 glutine,
709 955 754 992 vos

156 1008 328 1067 coagmentat,
352 1011 378 1055 et
400 1007 493 1057 divino
513 1010 690 1060 inhabitationi
709 1024 754 1060 ros

155 1077 286 1134 preparat.
794 1090 796 1095 ·

157 1251 228 1294 turni
239 1248 315 1308 primi
326 1249 396 1330 enim
408 1238 468 1296 sunt
478 1247 599 1309 dignitate
609 1249 637 1297 iu
648 1248 772 1310 Ecclesia,
785 1253 810 1298 et
821 1262 896 1311 super
907 1251 1019 1311 ipsorum
1030 1248 1147 1299 doctrina
1157 1250 1211 1300 lun-

156 1314 425 1457 ὼὲῖοῗὶξέἑωξὲἓῐῑε
442 1385 609 1446 Testamenti,
620 1385 651 1436 de
663 1386 705 1436 his
717 1389 786 1435 enim
797 1385 840 1434 hlc
851 1387 949 1448 agitur,
962 1389 1024 1434 snut
1034 1388 1113 1435 etlam
1126 1386 1211 1436 lunda-

155 1457 241 1501 mcnta
251 1489 258 1510 ,
270 1455 329 1513 quin
339 1453 453 1503 eamdem
471 1454 563 1503 Christi
579 1453 655 1504 tidem
672 1455 871 1516 praedicaverunt
880 1461 924 1513 ;at
943 1455 1067 1516 apostolis
1083 1454 1210 1515 iuferiora,

155 1522 215 1581 qnia
224 1520 353 1569 Christum
363 1521 478 1571 loturum
491 1523 636 1584 obscurius,
651 1526 676 1570 et
684 1524 750 1571 inter
762 1523 860 1572 ludaeos
870 1523 971 1571 tantum
982 1523 1204 1585 praedicaverunt..

184 1587 299 1637 Christus
311 1587 374 1650 lapis
387 1602 516 1648 summac,
535 1590 562 1639 id
579 1593 631 1652 est,
642 1593 787 1650 extremus,
803 1591 889 1649 imus,
902 1589 1023 1651 intimus,
1034 1593 1097 1652 qnia
1115 1604 1211 1641 omnem

154 1660 278 1706 sustentat
292 1657 422 1708 lubricam.

153 1727 281 1844 lazicum
294 1733 320 1777 et
329 1728 543 1791 enachitarum
552 1729 581 1778 in
591 1727 690 1792 angulis
700 1733 738 1779 cst
746 1730 872 1792 precipua
882 1731 921 1777 vis
929 1728 979 1790 qua
987 1732 1147 1780 sustinentur
1157 1730 1211 1778 acli-
1227 1737 1229 1741 ·

183 1831 278 1913 siluas
288 1864 381 1915 Paulus
392 1866 423 1914 ad
434 1867 491 1916 lsai.
503 1878 560 1929 cap.
573 1869 620 1927 28,
634 1880 661 1916 n.
671 1871 709 1916 16.
721 1865 791 1915 etad
805 1864 898 1914 Psalm.
910 1869 969 1925 iti,
978 1877 1005 1913 n.
1013 1868 1053 1914 22.

183 1962 223 2010 tt.
232 1962 262 2010 ln
280 1975 328 2024 qao
345 1963 424 2012 omnis
442 1962 615 2024 edificatio...
627 1961 683 2023 Syr.
698 1962 726 2009 in
737 1959 824 2010 eodem
835 1963 1025 2020 coagmentatur
1038 1962 1122 2008 totum
1139 1957 1210 2008 nlil-

154 2031 232 2079 eium.
244 2029 306 2078 Vide
317 2030 499 2093 paraphrasim.

184 2126 223 2172 22.
238 2125 267 2172 ln
291 2138 339 2185 quo
361 2131 384 2173 et
403 2138 447 2174 vos
471 2102 669 2186 coedificamini.
683 2122 739 2184 Syr.
758 2122 820 2172 dum
837 2128 862 2172 ct
886 2134 931 2171 vos
946 2123 975 2171 ln
996 2135 1026 2171 eo
1053 2123 1208 2173 adlllcamini

154 2192 364 2241 inhabitaculum
378 2193 421 2241 liei
435 2206 479 2254 per
492 2194 623 2256 Spiritum.
635 2192 696 2241 Vide
707 2193 889 2254 paraphrasim.

184 2286 343 2334 Ousnavarro
357 2287 618 2336 accusans-Hinc
631 2285 718 2346 collige
733 2286 800 2346 quod
814 2286 923 2334 Ecclesia
939 2289 977 2335 est
987 2288 1078 2336 civitas
1088 2324 1095 2347 ,
1107 2287 1207 2344 domus,

153 2353 278 2413 templum
291 2355 379 2402 virum
392 2354 448 2413 Dei,

181 2420 258 2480 Cujus
274 2420 466 2470 tundamentum
481 2424 630 2484 primarium
641 2458 648 2481 ,
658 2421 769 2482 lapisque
781 2420 926 2481 angularis,
941 2424 979 2470 est
991 2422 1064 2471 lesus
1082 2422 1206 2481 Christus,

153 2488 231 2539 Filius
243 2490 287 2539 Dei
297 2493 359 2540 vivi.

181 2559 245 2609 Hinc
259 2559 368 2608 Ecclesia
382 2560 471 2619 llrmu,
485 2559 593 2618 stabilis,
607 2563 781 2619 contraquam
796 2573 846 2607 aon
854 2560 1028 2620 prevalebunt
1039 2567 1120 2622 porto
1129 2561 1206 2624 inseri.

180 2627 332 2677 Secundaiia
351 2628 531 2687 fundamenta,
545 2627 655 2688 Apostoli
671 2633 696 2676 ei
712 2628 841 2689 Prophetas
848 2629 928 2688 ;¹quia
939 2641 1014 2690 super
1028 2631 1144 2691 ipsorum
1154 2630 1206 2678 doc·

150 2698 244 2745 trinam
259 2696 363 2746 fundata
372 2702 409 2744 esi
420 2695 540 2744 Ecclesia.

180 2764 242 2816 lliuc
255 2764 421 2814 immutabilis
434 2764 550 2813 Ecclesiae
566 2763 698 2825 doctriua,
715 2775 770 2825 quae
783 2768 863 2825 potest
882 2764 1016 2826 explicari,
1031 2766 1076 2814 scd
1094 2779 1146 2815 nou
1161 2769 1205 2814 im-

149 2837 250 2884 mutari.

179 2904 258 2964 liujus
273 2903 360 2964 templi
379 2902 473 2965 lapides
489 2905 514 2949 et
526 2906 608 2963 partes
623 2906 683 2950 sunt
703 2913 790 2950 omnes
808 2901 892 2950 fideles
908 2904 1085 2963 cujuscunque
1097 2905 1202 2964 generis,

149 2972 331 3031 sexus,aetatis.

179 3040 242 3087 ilinc
254 3039 347 3099 latum,
359 3041 511 3102 spatiosum,
526 3039 679 3088 catholicum
690 3043 715 3087 et
725 3039 801 3088 altius
815 3051 912 3100 semper
922 3051 1056 3100 assurgens
1066 3053 1111 3102 pei·
1122 3039 1202 3090 coaedi-

149 3108 290 3156 ficationem
302 3121 425 3157 uovorum
439 3108 560 3158 lidelium.

178 3175 334 3224 architectus
346 3176 422 3236 hujus
434 3177 538 3238 templi,
549 3178 657 3238 Spiritus
668 3181 787 3234 sanctus,
799 3189 843 3237 per
859 3178 931 3234 cuius
943 3179 1117 3238 operationem
1129 3190 1200 3228 unus-

148 3247 252 3303 quisque
265 3243 344 3293 tidelis
356 3245 539 3304 coaedificatur,
553 3251 578 3293 ei
589 3259 649 3294 cuin
662 3245 718 3293 aliis
728 3245 842 3305 fidelibus
855 3245 976 3294 charitate
987 3282 994 3306 ‚
1007 3249 1081 3307 quasi
1097 3247 1199 3308 glutine,

148 3316 255 3361 nectitur
269 3317 293 3362 et
304 3319 500 3374 coagmentatur.

178 3382 256 3440 Hujus
267 3382 353 3442 templi
369 3383 537 3441 inhabitator,
550 3384 615 3432 Deus
630 3387 691 3444 ipse.

178 3447 240 3496 llinc
254 3456 369 3498 sanctum
379 3455 416 3498 est
428 3455 452 3498 ei
465 3453 625 3499 veneratione
638 3451 751 3511 (lignum.

177 3516 239 3632 Eine
251 3522 276 3567 et
287 3522 459 3581 unusquisque
474 3520 554 3569 tidelis
565 3521 638 3570 dehet
648 3532 701 3568 csse
716 3522 830 3578 sancino,
841 3522 926 3581 utpote
935 3520 1061 3583 templum
1074 3528 1098 3570 et
1108 3521 1196 3571 hahita

147 3599 178 3633 cu
191 3600 233 3635 um
247 3588 300 3637 liei.

148 3713 315 3770 corollarium
327 3713 441 3774 pictatis,
456 3725 498 3760 seu
514 3714 541 3760 in
558 3713 602 3761 lion
614 3717 693 3776 capite
703 3719 733 3772 2,
748 3718 781 3764 od
792 3717 906 3778 pietatem
919 3715 1029 3765 maxime
1046 3718 1195 3775 notandam

511 3783 544 3827 od
567 3784 667 3841 prosim
689 3785 831 3844 sculpendo.

175 3892 373 3943 Patrio-Nota
385 3891 535 3940 horrendam
554 3891 663 3943 hominis
682 3902 819 3959 peccatoris
839 3899 964 3959 picturam
983 3912 1010 3947 n.
1023 3903 1047 3948 3.
1064 3903 1091 3948 ut
1104 3898 1135 3948 ab
1150 3897 1191 3946 hcc
