2512 4424
99 236 152 286 aia
246 303 250 310 Ι
397 235 599 288 EPISTOLAE
619 236 667 286 ΑΙ)
685 232 866 288 Cauaras

98 326 217 376 ditatem.·
234 327 316 377 Adoro
336 330 378 387 te,
396 327 518 378 benedico
537 331 578 390 te,
594 331 686 391 gratias
706 341 752 391 ago
772 328 817 379 tibi
839 331 961 380 aetcmas.
979 319 1160 388 proportione

98 398 235 446 maximam
249 396 448 447 misericordiam
460 400 541 448 tuam.

101 522 270 573 corollarium
284 525 385 587 pietatis
395 562 404 584 ,
413 537 456 574 reu
469 525 497 573 iu
511 523 557 573 hoc
572 524 653 586 cupite
663 529 687 575 3.
701 525 736 574 cd
746 502 863 584 pietatem
873 519 982 571 memore
998 518 1123 576 ιιοιιιιιιια,
1139 520 1161 566 et

477 593 512 642 cd
523 593 626 654 prosim
636 594 780 656 redigendo.

127 705 329 757 Paulo-Nota
339 705 407 767 quod
416 719 484 756 mors
498 707 591 756 Christi
602 743 609 766 ,
619 708 677 767 quia
690 709 782 756 animae
794 710 886 756 nostrae
900 706 953 754 rlta
963 740 970 763 ,
979 714 1112 763 nunquam
1128 701 1161 750 stt

100 773 218 824 oblivioni
234 773 330 835 danda,
342 775 386 825 sed
404 775 484 825 oculis
499 776 575 836 fidei,
592 788 702 838 presens
721 777 748 824 in
766 779 852 825 mente
867 778 892 824 et
909 771 984 823 corde
1000 783 1099 834 semper
1114 769 1160 818 ha·

99 843 180 894 hendo
191 864 198 905 ς
209 844 267 894 ride
278 857 306 894 ιι.
323 848 344 894 1.

127 913 260 976 Propterea
275 914 349 964 nobis
360 914 471 975 ubique,
486 916 513 963 ln
524 913 641 976 templis,
652 916 680 964 in
695 913 758 962 locis
774 912 883 976 publicis
898 915 923 962 et
939 911 1058 974 privatis,
1072 917 1160 970 propo-

99 984 168 1032 nitur
182 984 264 1044 imago
279 984 338 1034 lesu
354 983 447 1034 Christi
462 996 508 1046 pro
522 983 594 1034 nobis
606 981 736 1041 crucifixi,
750 988 778 1031 ut
788 981 820 1031 ab
831 994 876 1042 eo,
892 981 965 1043 quasi
976 977 1080 1043 publico
1094 976 1161 1026 tonte

98 1055 172 1114 ritae,
187 1055 267 1103 vitam
280 1054 429 1104 hauriamus
448 1053 511 1114 ilde,
525 1066 570 1116 spe
583 1057 608 1103 et
623 1053 763 1113 charitate,
776 1052 838 1102 ibid.
850 1065 877 1102 n.
892 1056 914 1101 1.

127 1122 223 1171 Harum
240 1124 316 1183 igitur
329 1124 455 1172 virtutum
465 1124 539 1172 actus
550 1125 602 1173 sint
613 1122 646 1173 ad
659 1123 752 1173 animm
761 1125 853 1172 nostrae
864 1123 944 1170 vitam
952 1118 1085 1176 continui,
1096 1117 1161 1165 sicut

98 1191 131 1240 ad
143 1193 254 1254 corporis
265 1193 345 1241 nostri
353 1193 434 1241 vitam
445 1193 561 1241 continui
572 1194 632 1241 sunt
645 1191 728 1241 cordis
738 1193 839 1250 motus,
856 1191 900 1251 qui
912 1186 1004 1249 systole
1020 1189 1046 1234 et
1058 1182 1160 1235 diastole

98 1259 236 1321 dicuntur,
249 1260 310 1310 ibid.
327 1275 355 1312 n.
369 1264 391 1309 1.

129 1341 410 1392 Securum—Observa
426 1345 537 1403 quantus
548 1342 682 1392 thesaurus
698 1345 732 1392 sit
742 1341 803 1392 tides
812 1352 868 1403 quae
878 1342 958 1390 sitam
970 1340 1084 1388 continet
1092 1340 1165 1387 aeter

98 1424 173 1471 nam;
186 1416 211 1461 et
220 1411 276 1461 ideo
287 1412 364 1472 quam
375 1410 554 1460 desiderandus
565 1448 571 1472 ‚
582 1415 607 1460 et
619 1412 695 1472 quam
711 1411 817 1462 sollicite
830 1409 1024 1468 custodiendus,
1035 1421 1061 1456 n.
1076 1409 1101 1456 o.

129 1480 201 1530 Salus
213 1483 237 1530 et
248 1481 299 1528 rita
311 1492 409 1542 semper
424 1479 473 1528 init
486 1479 500 1528 a
512 1479 569 1528 ilde.
582 1479 681 1540 Quare?
692 1478 750 1528 ride
760 1493 788 1529 n.
801 1482 838 1528 12.

130 1549 233 1611 Semper
249 1548 298 1597 init
312 1547 387 1597 adde
398 1549 521 1598 inlesum
535 1548 675 1599 Christum.
688 1548 856 1610 Quaret’vide
869 1545 931 1596 ibid.
943 1559 971 1595 n.
986 1548 1024 1594 12.

130 1618 197 1669 ilinc
211 1617 339 1680 sequelae,
355 1617 413 1667 ride
428 1617 531 1667 ibidem.

84 1680 90 1688 ’
130 1687 167 1736 Ab
179 1687 291 1749 exemplo
309 1691 395 1737 autem
411 1686 531 1747 Abrahae,
546 1685 658 1736 bdelium
669 1685 836 1749 patriarchae,
848 1684 916 1735 disce
929 1694 986 1746 quse
997 1688 1023 1733 et
1038 1681 1118 1745 qualis
1128 1683 1160 1732 sit

100 1757 149 1808 ssde
164 1757 308 1818 salutIiera,
319 1757 414 1809 viden.
428 1761 481 1808 liet
492 1760 529 1806 18

130 1839 236 1889 Tnario.
241 1839 490 1890 —bliraredirinam
499 1835 633 1888 ineffabilis
642 1839 755 1901 mysterii
766 1837 970 1900 disposltlonem,
978 1835 1027 1899 qud
1037 1835 1154 1894 Christus,

100 1911 183 1958 omnis
195 1907 379 1959 benedictionis
392 1908 461 1968 ions,
475 1907 557 1958 iactus
570 1909 607 1956 est
618 1908 646 1956 in
656 1919 732 1957 cruce
742 1918 788 1970 pro
798 1907 872 1957 nobis
885 1905 1067 1966 maledictum,
1079 1907 1105 1953 ut
1113 1915 1153 1952 uos

100 1977 132 2026 ab
143 1977 235 2027 aeternd
246 1977 422 2028 maledictione
434 1945 560 2027 liberaret
646 2019 649 2022 ⁴

130 2046 162 2096 Ut
176 2048 242 2097 hanc
257 2047 408 2096 ineffabilem
421 2048 479 2097 lesu
490 2047 584 2097 Christi
596 2058 654 2108 erga
666 2049 692 2096 te
704 2045 902 2096 misericordiam
913 2045 1074 2108 aliquatenus
1087 2039 1150 2093 intel-

101 2115 163 2176 ligas
178 2119 204 2165 et
218 2117 328 2176 sentias,
344 2116 446 2166 attende
460 2115 493 2165 ad
507 2128 595 2164 sersus
613 2119 641 2166 13
657 2119 683 2165 et
699 2119 742 2176 it,
755 2115 838 2177 ibique
853 2117 880 2164 in
896 2117 1079 2166 commentario
1092 2113 1146 2163 dicte

101 2186 166 2235 serib
178 2185 313 2248 perpende.

131 2267 353 2327 Quaero—Nota
369 2264 437 2326 quod
453 2264 514 2314 fides
528 2267 555 2314 in
572 2266 716 2328 Christum,
733 2279 778 2316 seu
793 2267 998 2317 christiamsmus
1013 2267 1086 2318 luerit
1100 2274 1144 2314 om*

102 2337 176 2384 nium
189 2334 345 2395 seculorum,
358 2334 416 2384 ride
432 2347 459 2383 n.
476 2336 515 2384 25.

132 2405 195 2454 ilinc
209 2405 274 2454 mira
292 2405 421 2464 utriusque
436 2403 588 2453 Testamenti
602 2405 795 2465 convenientia,
807 2404 868 2454 ibid.

132 2473 209 2524 Vetus
221 2473 270 2522 luit
284 2475 355 2534 quasi
368 2472 495 2534 religionis
506 2474 627 2536 pueritia,
639 2473 700 2523 ibid.

131 2545 230 2594 Novum
247 2548 333 2593 autem
351 2543 478 2606 religionis
492 2547 551 2592 aetas
566 2542 669 2604 adulta,
683 2543 745 2593 ibid.

131 2614 196 2664 ilinc
205 2613 341 2664 Christiani
355 2613 448 2664 Judais
461 2611 541 2661 multo
555 2611 691 2673 feliciores,
704 2613 764 2662 ibid.

131 2684 185 2744 Quo
196 2682 271 2732 modo
281 2695 353 2731 suam
367 2684 393 2730 in
408 2683 487 2730 Deum
498 2680 676 2743 gratitudinem
692 2681 798 2730 debeant
812 2682 914 2744 testari,
929 2683 1077 2733 tiridati.

132 2764 358 2826 thumum—,Tuam
366 2802 373 2825 ,
381 2764 395 2814 d
404 2764 559 2814 Christiane!
569 2764 715 2825 dignitatem
724 2776 830 2825 agnosce
839 2776 869 2812 ex
876 2766 990 2815 versibus
997 2769 1039 2827 26,
1047 2767 1074 2814 27
1079 2760 1128 2811 att

132 2834 198 2883 ilinc
218 2837 242 2882 et
258 2833 388 2893 debitum,
404 2846 448 2882 seu
465 2832 641 2894 obligationem
658 2844 765 2894 agnosce
781 2836 873 2880 tuam:
892 2833 1020 2884 Christum
1036 2829 1134 2883 induisti,

103 2903 265 2966 Christusque
277 2902 461 2965 quodammodo
477 2901 557 2951 iactus
573 2914 608 2951 es.

133 2974 262 3024 Christum
276 2985 333 3034 ergo
343 2971 447 3021 interius
459 2975 483 3022 et
492 2973 567 3021 exteri
572 2971 600 3022 ds
608 2984 679 3035 gere,
690 2973 715 3020 et
728 2970 835 3022 exhibe:
849 2970 965 3023 rideatur
973 2978 999 3023 et
1011 2971 1133 3035 agnoscatur

105 3045 131 3092 in
142 3047 167 3091 te
178 3043 292 3092 Christus

136 3110 199 3165 Vide
212 3110 278 3165 dicta
294 3111 325 3161 ad
339 3119 426 3159 versus
441 3109 484 3166 tlt,
496 3109 526 3156 tt
535 3137 544 3154 .
554 3109 583 3153 28
